@string{ aaai        = {AAAI Conference on Artificial Intelligence (AAAI)} }
@string{ aamas       = {International Conference on Autonomous Agents and Multiagent Systems (AAMAS)} }
@string{ acc         = {American Control Conference (ACC)} }
@string{ atm         = {Air Traffic Management Research and Development Seminar}}
@string{ aiaa_info   = {AIAA Infotech@Aerospace Conference} }
@string{ aiaa_jacic  = {Journal of Aerospace Computing, Information, and Communication} }
@string{ aistats     = {International Conference on Artificial Intelligence and Statistics (AISTATS)} }
@string{ allerton    = {Allerton Conference on Communication, Control, and Compution} }
@string{ atio        = {AIAA Aviation Technology, Integration, and Operations Conference (ATIO)} }
@string{ cacm        = {Communications of the ACM} }
@string{ cav         = {International Conference on Computer-Aided Verification (CAV)} }
@string{ cdc         = {IEEE Conference on Decision and Control (CDC)} }
@string{ cvpr        = {IEEE Computer Society Conference on Computer Vision and Pattern Recognition (CVPR)} }
@string{ dasc        = {Digital Avionics Systems Conference (DASC)} }
@string{ ecml        = {European Conference on Machine Learning (ECML)} }
@string{ fmcad       = {Formal Methods in Computer Aided Design (FMCAD)} }
@string{ gnc         = {AIAA Guidance, Navigation, and Control Conference (GNC)} }
@string{ icaart      = {International Conference on Agents and Artificial Intelligence (ICAART)} }
@string{ icaps       = {International Conference on Automated Planning and Scheduling (ICAPS)} }
@string{ icassp      = {International Conference on Acoustics, Speech, and Signal Processing (ICASSP)} }
@string{ iclr        = {International Conference on Learning Representations (ICLR)} }
@string{ icml        = {International Conference on Machine Learning (ICML)} }
@string{ icmla       = {International Conference on Machine Learning and Applications (ICMLA)} }
@string{ icra        = {IEEE International Conference on Robotics and Automation (ICRA)} }
@string{ icslp       = {International Conference on Spoken Language Processing (ICSLP)} }
@string{ ieee_csm    = {IEEE Control Systems Magazine} }
@string{ ieee_j_ac   = {IEEE Transactions on Automatic Control} }
@string{ ieeeaero    = {IEEE Aerospace Conference} }
@string{ ieeeciaig   = {IEEE Transactions on Computational Intelligence and AI in Games} }
@string{ ieeecst     = {IEEE Transactions on Control Systems Technology} }
@string{ ieeetiv     = {IEEE Transactions on Intelligent Vehicles} }
@string{ ieeetac     = {IEEE Transactions on Automatic Control} }
@string{ ieeetits     = {IEEE Transactions on Intelligent Transportation Systems} }
@string{ ieeetsp     = {IEEE Transactions on Signal Processing} }
@string{ ijcai       = {International Joint Conference on Artificial Intelligence (IJCAI)} }
@string{ ijrr        = {International Journal of Robotics Research} }
@string{ interspeech = {Annual Conference of the International Speech Communication Association (INTERSPEECH)} }
@string{ iros        = {IEEE/RSJ International Conference on Intelligent Robots and Systems (IROS)} }
@string{ itsc        = {IEEE International Conference on Intelligent Transportation Systems (ITSC)} }
@string{ iv          = {IEEE Intelligent Vehicles Symposium (IV)} }
@string{ jaamas      = {Journal of Autonomous Agents and Multi-Agent Systems} }
@string{ jair        = {Journal of Artificial Intelligence Research} }
@string{ jais        = {Journal of Aerospace Information Systems} }
@string{ jgcd        = {AIAA Journal of Guidance, Control, and Dynamics} }
@string{ jmlr        = {Journal of Machine Learning Research} }
@string{ jota        = {Journal of Optimization Theory and Applications} }
@string{ lion        = {Learning and Intelligent Optimization (LION)} }
@string{ mor         = {Mathematics of Operations Research} }
@string{ nips        = {Advances in Neural Information Processing Systems (NIPS)} }
@string{ neurips     = {Advances in Neural Information Processing Systems (NeurIPS)} }
@string{ or          = {Operations Research} }
@string{ rss         = {Robotics: Science and Systems} }
@string{ sigcomm     = {ACM Special Interest Group on Data Communication (SIGCOMM)} }
@string{ tac         = {IEEE Transactions on Automatic Control} }
@string{ tacas       = {International Conference on Tools and Algorithms for the Construction and Analysis of Systems (TACAS)} }
@string{ taes        = {IEEE Transactions on Aerospace and Electronic Systems} }
@string{ wafr        = {International Workshop on the Algorithmic Foundations of Robotics (WAFR)} }
@string{ uai         = {Conference on Uncertainty in Artificial Intelligence (UAI)} }
@string{ ieeeral     = {IEEE Robotics and Automation Letters} }
@string{ ieeetor     = {IEEE Transactions on Robotics} }
@string{ hri         = {ACM/IEEE International Conference on Human-Robot Interaction (HRI)} }
%%%%%%%%%%%%%
%%% BOOKS %%%
%%%%%%%%%%%%%
@book{rl-introduction,
	title        = {Reinforcement Learning: An Introduction},
	author       = {Sutton, Richard S. and Barto, Andrew G.},
	year         = 2018,
	publisher    = {MIT Press},
	added-at     = {2019-07-13T10:11:53.000+0200},
	edition      = {Second}
}
@book{bishop,
	title        = {Pattern Recognition and Machine Learning},
	author       = {Bishop, Christopher M},
	year         = 2006,
	publisher    = {Springer},
	pages        = {67--117,137--140}
}
@book{exponential,
	title        = {Information and Exponential Families: In Statistical Theory},
	author       = {Barndorff-Nielsen, Ole},
	year         = 2014,
	publisher    = {John Wiley \& Sons},
	pages        = {111--114}
}
@misc{interpretable-ml,
	title        = {Interpretable Machine Learning},
	author       = {Molnar, Christoph},
	year         = 2020
}
@book{ml-dataset-shift,
	title        = {Dataset Shift in Machine Learning},
	author       = {Quionero-Candela, Joaquin and Sugiyama, Masashi and Schwaighofer, Anton and Lawrence, Neil D.},
	year         = 2009,
	publisher    = {The MIT Press},
	pages        = {1--28}
}
@book{exponential-family-stats,
	title        = {Fundamentals of Statistical Exponential Families: With Applications in Statistical Decision Theory},
	author       = {Brown, L. D.},
	year         = 1986,
	publisher    = {Institute of Mathematical Statistics}
}
@book{bayesian-data-analysis,
	title        = {Bayesian Data Analysis},
	author       = {Gelman, Andrew and Carlin, John B. and Stern, Hal S. and Rubin, Donald B.},
	year         = 2004,
	publisher    = {Chapman and Hall/CRC}
}
%%%%%%%%%%%%%%
%%% ONLINE %%%
%%%%%%%%%%%%%%
@techreport{cifar10,
	title        = {Learning Multiple Layers of Features from Tiny Images},
	author       = {Krizhevsky, Alex and Hinton, Geoffrey and others},
	year         = 2009,
	institution  = {University of Toronto}
}
@misc{mnist,
	title        = {MNIST Handwritten Digit Database},
	author       = {LeCun, Yann and Cortes, Corinna and Burges, CJ},
	year         = 2010
}
@inproceedings{svhn,
	title        = {Reading Digits in Natural Images with Unsupervised Feature Learning},
	author       = {Netzer, Yuval and Wang, Tao and Coates, Adam and Bissacco, Alessandro and Wu, Bo and Ng, Andrew Y},
	year         = 2011,
	booktitle    = {NIPS Workshop on Deep Learning and Unsupervised Feature Learning}
}
@article{kmnist,
	title        = {Deep Learning for Classical Japanese Literature},
	author       = {Clanuwat, Tarin and Bober-Irizar, Mikel and Kitamoto, Asanobu and Lamb, Alex and Yamamoto, Kazuaki and Ha, David},
	year         = 2018,
	journal      = {arXiv preprint arXiv:1812.01718}
}
@inproceedings{nyu-depth,
	title        = {Indoor Segmentation and Support Inference from RGBD Images},
	author       = {Nathan Silberman, Derek Hoiem, Pushmeet Kohli and Rob Fergus},
	year         = 2012,
	booktitle    = {ECCV}
}
%%%%%%%%%%%%%%
%%% PAPERS %%%
%%%%%%%%%%%%%%
@article{dunning-kruger,
	title        = {Unskilled and Unaware of It: How Difficulties in Recognizing One's Own Incompetence Lead to Inflated Self-Assessments},
	author       = {Kruger, Justin and Dunning, David},
	year         = 2000,
	journal      = {JPSP},
	volume       = 77,
	pages        = {1121--1134}
}
@phdthesis{uncertainty-deep-learning,
	title        = {Uncertainty in Deep Learning},
	author       = {Gal, Yarin},
	year         = 2016,
	school       = {University of Cambridge}
}
@phdthesis{expressing-structure-kernels,
	title        = {Automatic Model Construction with Gaussian Processes},
	author       = {Duvenaud, David},
	year         = 2014,
	school       = {University of Cambridge}
}
@book{gp-for-ml,
    author = {Rasmussen, Carl Edward and Williams, Christopher K. I.},
    title = {Gaussian Processes for Machine Learning (Adaptive Computation and Machine Learning)},
    year = {2005},
    publisher = {The MIT Press}
}
@article{review-uncertainty-dl,
	title        = {A review of uncertainty quantification in deep learning: Techniques, applications and challenges},
	author       = {Abdar, Moloud and Pourpanah, Farhad and Hussain, Sadiq and Rezazadegan, Dana and Liu, Li and Ghavamzadeh, Mohammad and Fieguth, Paul and Khosravi, Abbas and Acharya, U Rajendra and Makarenkov, Vladimir and others},
	year         = 2021,
	journal      = {Information Fusion},
	volume       = 76,
	pages        = {243--297}
}
@inproceedings{being-bayesian-categorical,
	title        = {Being {B}ayesian about Categorical Probability},
	author       = {Joo, Taejong and Chung, Uijung and Seo, Min-Gwan},
	year         = 2020,
	booktitle    = {International Conference on Machine Learning},
	pages        = {4950--4961}
}
@inproceedings{calibration-network,
	title        = {On Calibration of Modern Neural Networks},
	author       = {Chuan Guo and Geoff Pleiss and Yu Sun and Kilian Q. Weinberger},
	year         = 2017,
	booktitle    = {International Conference on Machine Learning},
	pages        = {1321--1330}
}
@inproceedings{lipschitz,
	title        = {Lipschitz Regularity of Deep Neural Networks: Analysis and Efficient Estimation},
	author       = {Virmaux, Aladin and Scaman, Kevin},
	year         = 2018,
	booktitle    = {Advances in Neural Information Processing Systems},
	pages        = {3835--3844}
}
@inproceedings{radialflow,
	title        = {Variational Inference with Normalizing Flows},
	author       = {Rezende, Danilo Jimenez and Mohamed, Shakir},
	year         = 2015,
	booktitle    = {International Conference on Machine Learning},
	volume       = 37,
	pages        = {1530--1538}
}
@article{uceloss,
	title        = {Uncertainty on asynchronous time event prediction},
	author       = {Bilo{\v{s}}, Marin and Charpentier, Bertrand and G{\"u}nnemann, Stephan},
	year         = 2019,
	journal      = {Advances in Neural Information Processing Systems},
	volume       = 32
}
@inproceedings{exponential-entropy,
	title        = {Entropies and Cross-Entropies of Exponential Families},
	author       = {Nielsen, Frank and Nock, Richard},
	year         = 2010,
	booktitle    = {ICIP},
	pages        = {3621--3624}
}
@inproceedings{postnet,
	title        = {Posterior Network: Uncertainty Estimation without OOD Samples via Density-Based Pseudo-Counts},
	author       = {Charpentier, Bertrand and Zügner, Daniel and Günnemann, Stephan},
	year         = 2020,
	booktitle    = {Advances in Neural Information Processing Systems}
}
@inproceedings{softplus,
	title        = {Deep Sparse Rectifier Neural Networks},
	author       = {Glorot, Xavier and Bordes, Antoine and Bengio, Yoshua},
	year         = 2011,
	booktitle    = {International Conference on Artificial Intelligence and Statistics},
	pages        = {315--323}
}
@inproceedings{unet,
	title        = {U-Net: Convolutional Networks for Biomedical Image Segmentation},
	author       = {Ronneberger, Olaf and Fischer, Philipp and Brox, Thomas},
	year         = 2015,
	booktitle    = {MICCAI},
	pages        = {234--241}
}
@inproceedings{maf,
	title        = {Masked Autoregressive Flow for Density Estimation},
	author       = {Papamakarios, George and Pavlakou, Theo and Murray, Iain},
	year         = 2017,
	booktitle    = {Advances in Neural Information Processing Systems},
	pages        = {2338--2347}
}
@inproceedings{made,
	title        = {MADE: Masked Autoencoder for Distribution Estimation},
	author       = {Germain, Mathieu and Gregor, Karol and Murray, Iain and Larochelle, Hugo},
	year         = 2015,
	booktitle    = {International Conference on Machine Learning},
	pages        = {881--889}
}
@inproceedings{priornet,
	title        = {Predictive Uncertainty Estimation via Prior Networks},
	author       = {Malinin, Andrey and Gales, Mark},
	year         = 2018,
	booktitle    = {Advances in Neural Information Processing Systems},
	pages        = {7047--7058}
}
@inproceedings{softplus,
	title        = {Deep Sparse Rectifier Neural Networks},
	author       = {Glorot, Xavier and Bordes, Antoine and Bengio, Yoshua},
	year         = 2011,
	booktitle    = {International Conference on Artificial Intelligence and Statistics},
	pages        = {315--323}
}
@article{squad,
	title        = {Know What You Don't Know: Unanswerable Questions for SQuAD},
	author       = {Rajpurkar, Pranav and Jia, Robin and Liang, Percy},
	year         = 2018,
	journal      = {arXiv preprint arXiv:1806.03822}
}
@inproceedings{duq,
	title        = {Uncertainty Estimation Using a Single Deep Deterministic Neural Network},
	author       = {van Amersfoort, Joost and Smith, Lewis and Teh, Yee Whye and Gal, Yarin},
	year         = 2020,
	booktitle    = {International Conference on Machine Learning}
}
@article{due,
	title        = {On Feature Collapse and Deep Kernel Learning for Single Forward Pass Uncertainty},
	author       = {van Amersfoort, Joost and Smith, Lewis and Jesson, Andrew and Key, Oscar and Gal, Yarin},
	year         = 2021,
	journal      = {arXiv preprint arXiv:2102.11409}
}
@inproceedings{sdenet,
	title        = {SDE-Net: Equipping Deep Neural Networks with Uncertainty Estimates},
	author       = {Kong, Lingkai and Sun, Jimeng and Zhang, Chao},
	year         = 2020,
	journal      = {International Conference on Machine Learning}
}
@inproceedings{natpn,
	title        = {{Natural} {Posterior} {Network}: {Deep} {Bayesian} {Predictive} {Uncertainty} for {Exponential} {Family} {Distributions}},
	author       = {Charpentier, Bertrand and Borchert, Oliver and Z\"{u}gner, Daniel and Geisler, Simon and G\"{u}nnemann, Stephan},
	year         = 2022,
	booktitle    = {International Conference on Learning Representations}
}
@article{hyper-ensembles,
	title        = {Hyperparameter Ensembles for Robustness and Uncertainty Quantification},
	author       = {Wenzel, Florian and Snoek, Jasper and Tran, Dustin and Jenatton, Rodolphe},
	year         = 2020,
	journal      = {Advances in Neural Information Processing Systems}
}
@misc{uci,
	title        = {{UCI} Machine Learning Repository},
	author       = {Dua, Dheeru and Graff, Casey},
	year         = 2017,
	institution  = {University of California, Irvine, School of Information and Computer Sciences}
}
@inproceedings{dataset-shift,
	title        = {Can You Trust Your Model's Uncertainty? Evaluating Predictive Uncertainty Under Dataset Shift},
	author       = {Ovadia, Yaniv and Fertig, Emily and Ren, Jie and Nado, Zachary and Sculley, David and Nowozin, Sebastian and Dillon, Joshua and Lakshminarayanan, Balaji and Snoek, Jasper},
	year         = 2019,
	booktitle    = {Advances in Neural Information Processing Systems},
	pages        = {13991--14002}
}
@article{robustness-uncertainty-dirichlet,
	title        = {Evaluating Robustness of Predictive Uncertainty Estimation: Are Dirichlet-based Models Reliable?},
	author       = {Anna{-}Kathrin Kopetzki and Bertrand Charpentier and Daniel Z{\"{u}}gner and Sandhya Giri and Stephan G{\"{u}}nnemann},
	year         = 2020,
	journal      = {Computing Research Repository}
}
@article{comparison-bayesian-diabetic,
	title        = {A Systematic Comparison of Bayesian Deep Learning Robustness in Diabetic Retinopathy Tasks},
	author       = {Angelos Filos and Sebastian Farquhar and Aidan N. Gomez and Tim G. J. Rudner and Zachary Kenton and Lewis Smith and Milad Alizadeh and Arnoud de Kroon and Yarin Gal},
	year         = 2019,
	journal      = {arXiv preprint arXiv:1912.10481}
}
@inproceedings{shifts-dataset,
	title        = {Shifts: A Dataset of Real Distributional Shift Across Multiple Large-Scale Tasks},
	author       = {Andrey Malinin and Neil Band and Yarin Gal and Mark Gales and Alexander Ganshin and German Chesnokov and Alexey Noskov and Andrey Ploskonosov and Liudmila Prokhorenkova and Ivan Provilkov and Vatsal Raina and Vyas Raina and Denis Roginskiy and Mariya Shmatova and Panagiotis Tigas and Boris Yangel},
	year         = 2021,
	booktitle    = {Advances in Neural Information Processing Systems Datasets and Benchmarks Track (Round 2)}
}
@article{fashion-mnist,
	title        = {Fashion-MNIST: a Novel Image Dataset for Benchmarking Machine Learning Algorithms},
	author       = {Xiao, Han and Rasul, Kashif and Vollgraf, Roland},
	year         = 2017,
	journal      = {arXiv preprint arXiv:1708.07747}
}
@inproceedings{reverse-kl,
	title        = {Reverse KL-Divergence Training of Prior Networks: Improved Uncertainty and Adversarial Robustness},
	author       = {Malinin, Andrey and Gales, Mark},
	year         = 2019,
	booktitle    = {Advances in Neural Information Processing Systems},
	pages        = {14547--14558}
}
@inproceedings{dropout,
	title        = {Dropout as a Bayesian Approximation: Representing Model Uncertainty in Deep Learning},
	author       = {Gal, Yarin and Ghahramani, Zoubin},
	year         = 2016,
	booktitle    = {International Conference on Machine Learning},
	pages        = {1050--1059}
}
@inproceedings{simple-baseline-uncertainty,
	title        = {A Simple Baseline for Bayesian Uncertainty in Deep Learning},
	author       = {Maddox, Wesley J and Izmailov, Pavel and Garipov, Timur and Vetrov, Dmitry P and Wilson, Andrew Gordon},
	year         = 2019,
	booktitle    = {Advances in Neural Information Processing Systems},
	pages        = {13132--13143}
}
@inproceedings{expressiveness-bnn,
	title        = {On the Expressiveness of Approximate Inference in Bayesian Neural Networks},
	author       = {Andrew Y. K. Foong and David R. Burt and Yingzhen Li and Richard E. Turner},
	year         = 2020,
	booktitle    = {Advances in Neural Information Processing Systems}
}
@inproceedings{accurate-uncertainties-deep-learning-regression,
	title        = {Accurate Uncertainties for Deep Learning Using Calibrated Regression},
	author       = {Kuleshov, Volodymyr and Fenner, Nathan and Ermon, Stefano},
	year         = 2018,
	booktitle    = {International Conference on Machine Learning},
	pages        = {2796--2804}
}
@inproceedings{uncertainty-distance-awareness,
	title        = {Simple and Principled Uncertainty Estimation with Deterministic Deep Learning via Distance Awareness},
	author       = {Balaji Lakshminarayanan and Dustin Tran and Jeremiah Liu and Shreyas Padhy and Tania Bedrax-Weiss and Zi Lin},
	year         = 2020,
	booktitle    = {Advances in Neural Information Processing Systems}
}
@inproceedings{scalable-laplace-bnn,
	title        = {A Scalable Laplace Approximation for Neural Networks},
	author       = {Hippolyt Ritter and Aleksandar Botev and David Barber},
	year         = 2018,
	booktitle    = {International Conference on Learning Representations}
}
@inproceedings{ensembles,
	title        = {Simple and Scalable Predictive Uncertainty Estimation using Deep Ensembles},
	author       = {Lakshminarayanan, Balaji and Pritzel, Alexander and Blundell, Charles},
	year         = 2017,
	booktitle    = {Advances in Neural Information Processing Systems},
	pages        = {6402--6413}
}
@inproceedings{batch-ensembles,
	title        = {BatchEnsemble: an Alternative Approach to Efficient Ensemble and Lifelong Learning},
	author       = {Yeming Wen and Dustin Tran and Jimmy Ba},
	year         = 2020,
	booktitle    = {International Conference on Learning Representations}
}
@article{bts,
	title        = {From Big to Small: Multi-Scale Local Planar Guidance for Monocular Depth Estimation},
	author       = {Lee, Jin Han and Han, Myung-Kyu and Ko, Dong Wook and Suh, Il Hong},
	year         = 2019,
	journal      = {arXiv preprint arXiv:1907.10326}
}
@article{evidential-regression,
	title        = {Deep Evidential Regression},
	author       = {Amini, Alexander and Schwarting, Wilko and Soleimany, Ava and Rus, Daniela},
	year         = 2020,
	journal      = {Advances in Neural Information Processing Systems},
	volume       = 33,
	pages        = {14927--14937}
}
@article{regression-priornet,
	title        = {Regression Prior Networks},
	author       = {Malinin, Andrey and Chervontsev, Sergey and Provilkov, Ivan and Gales, Mark},
	year         = 2020,
	journal      = {arXiv preprint arXiv:2006.11590}
}
@inproceedings{energy-ood,
	title        = {Energy-based Out-of-distribution Detection},
	author       = {Liu, Weitang and Wang, Xiaoyun and Owens, John D and Li, Yixuan},
	year         = 2020,
	booktitle    = {Advances in Neural Information Processing Systems}
}
@article{ai-safety,
	title        = {Concrete Problems in AI Safety},
	author       = {Amodei, Dario and Olah, Chris and Steinhardt, Jacob and Christiano, Paul and Schulman, John and Man{\'e}, Dan},
	year         = 2016,
	journal      = {arXiv preprint arXiv:1606.06565}
}
@article{deep-learning-cv,
	title        = {Deep Learning for Computer Vision: A Brief Review},
	author       = {Voulodimos, Athanasios and Doulamis, Nikolaos and Doulamis, Anastasios and Protopapadakis, Eftychios},
	year         = 2018,
	journal      = {Computational Intelligence and Neuroscience}
}
@article{deep-learning-nlp,
	title        = {Recent Trends in Deep Learning Based Natural Language Processing},
	author       = {Young, Tom and Hazarika, Devamanyu and Poria, Soujanya and Cambria, Erik},
	year         = 2018,
	journal      = {IEEE CIM},
	volume       = 13,
	number       = 3,
	pages        = {55--75}
}
@article{deep-learning-bio,
	title        = {Deep Learning in Bioinformatics},
	author       = {Min, Seonwoo and Lee, Byunghan and Yoon, Sungroh},
	year         = 2017,
	journal      = {Briefings in Bioinformatics},
	volume       = 18,
	number       = 5,
	pages        = {851--869}
}
@article{deep-learning-health,
	title        = {Deep Learning for Health Informatics},
	author       = {Rav{\`\i}, Daniele and Wong, Charence and Deligianni, Fani and Berthelot, Melissa and Andreu-Perez, Javier and Lo, Benny and Yang, Guang-Zhong},
	year         = 2016,
	journal      = {IEEE J-BHI},
	volume       = 21,
	number       = 1,
	pages        = {4--21}
}
@article{deep-learning-recommender,
	title        = {Deep Learning Based Recommender System: A Survey and New Perspectives},
	author       = {Zhang, Shuai and Yao, Lina and Sun, Aixin and Tay, Yi},
	year         = 2019,
	journal      = {ACM CSUR},
	publisher    = {ACM New York, NY, USA},
	volume       = 52,
	number       = 1,
	pages        = {1--38}
}
@article{deep-learning-medical,
	title        = {A Survey on Deep Learning in Medical Image Analysis},
	author       = {Litjens, Geert and Kooi, Thijs and Bejnordi, Babak Ehteshami and Setio, Arnaud Arindra Adiyoso and Ciompi, Francesco and Ghafoorian, Mohsen and Van Der Laak, Jeroen Awm and Van Ginneken, Bram and S{\'a}nchez, Clara I},
	year         = 2017,
	journal      = {Medical Image Analysis},
	volume       = 42,
	pages        = {60--88}
}
@article{safe-rl-survey,
	title        = {A Comprehensive Survey on Safe Reinforcement Learning},
	author       = {Javier Garc{{\'i}}a and Fern and o Fern{{\'a}}ndez},
	year         = 2015,
	journal      = {Journal of Machine Learning Research},
	volume       = 16,
	number       = 42,
	pages        = {1437--1480}
}
@article{deep-learning-ad,
	title        = {Object Recognition and Detection with Deep Learning for Autonomous Driving Applications},
	author       = {U{\c{c}}ar, Ay{\c{s}}eg{\"u}l and Demir, Yakup and G{\"u}zeli{\c{s}}, C{\"u}neyt},
	year         = 2017,
	journal      = {Simulation},
	volume       = 93,
	number       = 9,
	pages        = {759--769}
}
@article{deep-learning-robotics,
	title        = {The Limits and Potentials of Deep Learning for Robotics},
	author       = {S{\"u}nderhauf, Niko and Brock, Oliver and Scheirer, Walter and Hadsell, Raia and Fox, Dieter and Leitner, J{\"u}rgen and Upcroft, Ben and Abbeel, Pieter and Burgard, Wolfram and Milford, Michael and others},
	year         = 2018,
	journal      = {IJRR},
	volume       = 37,
	number       = {4-5},
	pages        = {405--420}
}
@article{deep-learning-finance,
	title        = {Deep Learning in Finance},
	author       = {Heaton, JB and Polson, Nicholas G and Witte, Jan Hendrik},
	year         = 2016,
	journal      = {arXiv preprint arXiv:1602.06561}
}
@inproceedings{bayesian-networks,
	title        = {Weight Uncertainty in Neural Networks},
	author       = {Blundell, Charles and Cornebise, Julien and Kavukcuoglu, Koray and Wierstra, Daan},
	year         = 2015,
	booktitle    = {International Conference on Machine Learning},
	pages        = {1613--1622}
}
@article{distribution-distillation,
	title        = {Ensemble Distribution Distillation},
	author       = {Malinin, Andrey and Mlodozeniec, Bruno and Gales, Mark},
	year         = 2020,
	journal      = {International Conference on Learning Representations}
}
@inproceedings{graph_uncertainty,
	title        = {Uncertainty Aware Semi-Supervised Learning on Graph Data},
	author       = {Zhao, Xujiang and Chen, Feng and Hu, Shu and Cho, Jin-Hee},
	year         = 2020,
	booktitle    = {Advances in Neural Information Processing Systems}
}
@inproceedings{max_gap_id_ood,
	title        = {Towards Maximizing the Representation Gap between In-Domain \& Out-of-Distribution Examples},
	author       = {Jay Nandy and Wynne Hsu and Mong{-}Li Lee},
	year         = 2020,
	booktitle    = {Advances in Neural Information Processing Systems}
}
@inproceedings{multifaceted_uncertainty,
	title        = {Multifaceted Uncertainty Estimation for Label-Efficient Deep Learning},
	author       = {Weishi Shi and Xujiang Zhao and Feng Chen and Qi Yu},
	year         = 2020,
	booktitle    = {Advances in Neural Information Processing Systems}
}
@incollection{pytorch,
	title        = {PyTorch: An Imperative Style, High-Performance Deep Learning Library},
	author       = {Paszke, Adam and Gross, Sam and Massa, Francisco and Lerer, Adam and Bradbury, James and Chanan, Gregory and Killeen, Trevor and Lin, Zeming and Gimelshein, Natalia and Antiga, Luca and Desmaison, Alban and Kopf, Andreas and Yang, Edward and DeVito, Zachary and Raison, Martin and Tejani, Alykhan and Chilamkurthy, Sasank and Steiner, Benoit and Fang, Lu and Bai, Junjie and Chintala, Soumith},
	year         = 2019,
	booktitle    = {Advances in Neural Information Processing Systems},
	pages        = {8024--8035}
}
@inproceedings{real-nvp,
	title        = {Density Estimation using Real NVP},
	author       = {Dinh, Laurent and Sohl-Dickstein, Jascha and Bengio, Samy},
	year         = 2017,
	booktitle    = {International Conference on Learning Representations}
}
@inproceedings{energy,
	title        = {Your Classifier is Secretly an Energy Based Model and You Should Treat It Like One},
	author       = {Grathwohl, Will and Wang, Kuan-Chieh and Jacobsen, J{\"o}rn-Henrik and Duvenaud, David and Norouzi, Mohammad and Swersky, Kevin},
	year         = 2020,
	booktitle    = {International Conference on Learning Representations}
}
@article{nf-review,
	title        = {Normalizing Flows: An Introduction and Review of Current Methods},
	author       = {Kobyzev, Ivan and Prince, Simon and Brubaker, Marcus},
	year         = 2020,
	journal      = {IEEE Transactions on Pattern Analysis and Machine Intelligence}
}
@inproceedings{iaf,
	title        = {Improved Variational Inference with Inverse Autoregressive Flow},
	author       = {Kingma, Durk P and Salimans, Tim and Jozefowicz, Rafal and Chen, Xi and Sutskever, Ilya and Welling, Max},
	year         = 2016,
	booktitle    = {Advances in Neural Information Processing Systems},
	volume       = 29,
	pages        = {4743--4751}
}
@inproceedings{anomaly-detection,
	title        = {Generative Ensembles for Robust Anomaly Detection},
	author       = {Choi, Hyunsun and Jang, Eric and Alemi, Alexander A},
	year         = 2019,
	booktitle    = {International Conference on Learning Representations}
}
@article{deep-generative,
	title        = {Do Deep Generative Models Know What They Don't Know?},
	author       = {Nalisnick, Eric and Matsukawa, Akihiro and Teh, Yee Whye and Gorur, Dilan and Lakshminarayanan, Balaji},
	year         = 2019,
	journal      = {International Conference on Learning Representations}
}
@article{bike-sharing,
	title        = {Event labeling combining ensemble detectors and background knowledge},
	author       = {Fanaee-T, Hadi and Gama, João},
	year         = 2014,
	journal      = {Progress in Artificial Intelligence},
	volume       = 2,
	pages        = {113--127}
}
@inproceedings{getting-clue-uncertainty,
	title        = {Getting a CLUE: A Method for Explaining Uncertainty Estimates},
	author       = {Javier Antorán and Umang Bhatt and Tameem Adel and Adrian Weller and José Miguel Hernández-Lobato},
	year         = 2021,
	booktitle    = {International Conference on Learning Representations}
}
@inproceedings{provable-uncertainty,
	title        = {Towards Neural Networks that Provably Know When They Don't Know},
	author       = {Alexander Meinke and Matthias Hein},
	year         = 2020,
	booktitle    = {International Conference on Learning Representations}
}
@inproceedings{why-nf-fail-ood,
	title        = {Why Normalizing Flows Fail to Detect Out-of-Distribution Data},
	author       = {Polina Kirichenko and Pavel Izmailov and Andrew Gordon Wilson},
	year         = 2020,
	booktitle    = {Advances in Neural Information Processing Systems}
}
@article{typicality_OOD_generative,
	title        = {Detecting Out-of-Distribution Inputs to Deep Generative Models Using Typicality},
	author       = {Eric Nalisnick and Akihiro Matsukawa and Yee Whye Teh and Balaji Lakshminarayanan},
	year         = 2020,
	journal      = {arXiv preprint arXiv:1906.02994}
}
@article{perfect-density-no-ood-guarantee,
	title        = {Perfect density models cannot guarantee anomaly detection},
	author       = {Charline Le Lan and Laurent Dinh},
	year         = 2020,
	journal      = {arXiv preprint arXiv:2012.03808}
}
@article{density-states-ood,
	title        = {Density of States Estimation for Out-of-Distribution Detection},
	author       = {Morningstar, Warren R. and Ham, Cusuh and Gallagher, Andrew G. and Lakshminarayanan, Balaji and Alemi, Alexander A. and Dillon, Joshua V.},
	year         = 2020,
	journal      = {arXiv preprint arXiv:2006.09273}
}
@article{contrastive-ood,
	title        = {Contrastive Training for Improved Out-of-Distribution Detection},
	author       = {Winkens, Jim and Bunel, Rudy and Guha Roy, Abhijit and Stanforth, Robert and Natarajan, Vivek and Ledsam, Joseph R. and MacWilliams, Patricia and Kohli, Pushmeet and Karthikesalingam, Alan and Kohl, Simon and Cemgil, Taylan and Eslami, S.~M. Ali and Ronneberger, Olaf},
	year         = 2020,
	journal      = {arXiv preprint arXiv:2007.05566}
}
@article{update-belief-propagation,
	title        = {A general framework for updating belief distributions},
	author       = {Bissiri, P. G. and Holmes, C. C. and Walker, S. G.},
	year         = 2016,
	journal      = {Journal of the Royal Statistical Society: Series B (Statistical Methodology)}
}
@inproceedings{PAC-bayesian_estimator,
	title        = {A PAC Analysis of a Bayesian Estimator},
	author       = {Shawe-Taylor, John and Williamson, Robert C.},
	year         = 1997,
	booktitle    = {COLT},
	pages        = {2--9}
}
@article{opt-info-processing_bayes,
	title        = {Optimal Information Processing and Bayes's Theorem},
	author       = {Zellner, Arnold},
	year         = 1988,
	journal      = {The American Statistician},
	pages        = 278
}
@article{conjugate-prior-exponential-family,
	title        = {Conjugate Priors for Exponential Families},
	author       = {Diaconis P., Ylvisaker D.},
	year         = 1979,
	journal      = {The Annals of Statistics}
}
@inbook{maximum-entropy-principle,
	title        = {Prior Probabilities (1968)},
	author       = {Rosenkrantz, R. D.},
	year         = 1989,
	booktitle    = {E. T. Jaynes: Papers on Probability, Statistics and Statistical Physics},
	publisher    = {Springer Netherlands},
	pages        = {114--130}
}
@inproceedings{bayesian-averaging-to-combination,
	title        = {Turning Bayesian model averaging into Bayesian model combination},
	author       = {K. {Monteith} and J. L. {Carroll} and K. {Seppi} and T. {Martinez}},
	year         = 2011,
	booktitle    = {IJCNN}
}
@inproceedings{bayesian-ensemble-learning,
	title        = {Bayesian Ensemble Learning},
	author       = {Chipman, Hugh and George, Edward and Mcculloch, Robert},
	year         = 2007,
	booktitle    = {Advances in Neural Information Processing Systems},
	pages        = {265--272}
}
@inproceedings{bayesian-classifier-combination,
	title        = {Bayesian Classifier Combination},
	author       = {Hyun-Chul Kim and Zoubin Ghahramani},
	year         = 2012,
	booktitle    = {International Conference on Artificial Intelligence and Statistics},
	pages        = {619--627}
}
@misc{dynamic-bayesian-combination-classifiers,
	title        = {Dynamic Bayesian Combination of Multiple Imperfect Classifiers},
	author       = {Edwin Simpson and Stephen Roberts and Ioannis Psorakis and Arfon Smith},
	year         = 2012,
	eprint       = {1206.1831},
	archiveprefix = {arXiv}
}
@phdthesis{loggamma,
	title        = {Methoden zur Berechnung der Gammafunktion für Komplexes Argument},
	author       = {Rocktäschel, Otto Rudolf},
	year         = 1922,
	school       = {Dresden University of Technology}
}
@book{digamma,
	title        = {A Course of Modern Analysis},
	author       = {Whittaker, E.T. and Watson, G.N.},
	year         = 1927,
	publisher    = {Cambridge University Press},
	pages        = {250, example 12.32},
	edition      = {4th}
}
@article{tsne,
	title        = {GPU accelerated t-distributed stochastic neighbor embedding},
	author       = {Chan, David M and Rao, Roshan and Huang, Forrest and Canny, John F},
	year         = 2019,
	journal      = {JDPC},
	pages        = {1--13}
}
@inproceedings{practical-bnn,
	title        = {Practical Variational Inference for Neural Networks},
	author       = {Graves, Alex},
	year         = 2011,
	booktitle    = {Advances in Neural Information Processing Systems},
	pages        = {2348--2356}
}
@article{conv-net,
	title        = {Convolutional neural networks: an overview and application in radiology},
	author       = {Yamashita, Rikiya and Nishio, Mizuho and Do, Richard and Togashi, Kaori},
	year         = 2018,
	journal      = {Insights into Imaging},
	volume       = 9
}
@inproceedings{dense-depth,
	title        = {Depth Map Prediction from a Single Image using a Multi-Scale Deep Network},
	author       = {Eigen, David and Puhrsch, Christian and Fergus, Rob},
	year         = 2014,
	booktitle    = {Advances in Neural Information Processing Systems},
	pages        = {2366--2374}
}
@article{amortized-variational-inference,
	title        = {Advances in Variational Inference},
	author       = {Cheng Zhang and Judith B{\"{u}}tepage and Hedvig Kjellstr{\"{o}}m and Stephan Mandt},
	year         = 2018,
	journal      = {IEEE TPAMI},
	pages        = {2008--2026}
}
@inproceedings{wilds,
	title        = {Wilds: A benchmark of in-the-wild distribution shifts},
	author       = {Koh, Pang Wei and Sagawa, Shiori and Marklund, Henrik and Xie, Sang Michael and Zhang, Marvin and Balsubramani, Akshay and Hu, Weihua and Yasunaga, Michihiro and Phillips, Richard Lanas and Gao, Irena and others},
	year         = 2021,
	booktitle    = {International Conference on Machine Learning},
	pages        = {5637--5664}
}
@inproceedings{celeba,
	title        = {Deep Learning Face Attributes in the Wild.},
	author       = {Liu, Ziwei and Luo, Ping and Wang, Xiaogang and Tang, Xiaoou},
	year         = 2015,
	booktitle    = {ICCV},
	pages        = {3730--3738}
}
@article{kitti,
	title        = {Vision meets Robotics: The KITTI Dataset},
	author       = {Andreas Geiger and Philip Lenz and Christoph Stiller and Raquel Urtasun},
	year         = 2013,
	journal      = {IJRR}
}
@inproceedings{benchmarking-corruptions,
	title        = {Benchmarking Neural Network Robustness to Common Corruptions and Perturbations},
	author       = {Dan Hendrycks and Thomas Dietterich},
	year         = 2019,
	booktitle    = {International Conference on Learning Representations}
}
@inproceedings{probabilistic-backprop-scalable-bnn,
	title        = {Probabilistic Backpropagation for Scalable Learning of Bayesian Neural Networks},
	author       = {Jose Miguel Hernandez-Lobato and Ryan Adams},
	year         = 2015,
	booktitle    = {International Conference on Machine Learning},
	pages        = {1861--1869}
}
@article{uncertainty-generative-classifier,
	title        = {Uncertainty-Aware Deep Classifiers Using Generative Models},
	author       = {Sensoy, Murat and Kaplan, Lance and Cerutti, Federico and Saleki, Maryam},
	year         = 2020,
	journal      = {AAAI Conference on Artificial Intelligence},
	pages        = {5620--5627}
}
@article{lsun,
	title        = {LSUN: Construction of a Large-scale Image Dataset using Deep Learning with Humans in the Loop},
	author       = {Yu, Fisher and Zhang, Yinda and Song, Shuran and Seff, Ari and Xiao, Jianxiong},
	year         = 2015,
	journal      = {arXiv preprint arXiv:1506.03365}
}
@article{practical-bayesian,
	title        = {Practical Deep Learning with Bayesian Principles},
	author       = {Osawa, Kazuki and Swaroop, Siddharth and Jain, Anirudh and Eschenhagen, Runa and Turner, Richard E. and Yokota, Rio and Khan, Mohammad Emtiyaz},
	year         = 2019,
	journal      = {arXiv preprint arXiv:1906.02506}
}
@inproceedings{liberty-depth-bnn,
	title        = {Liberty or Depth: Deep Bayesian Neural Nets Do Not Need Complex Weight Posterior Approximations},
	author       = {Farquhar, Sebastian and Smith, Lewis and Gal, Yarin},
	year         = 2020,
	booktitle    = {Advances in Neural Information Processing Systems}
}
@inproceedings{rank-1-bnn,
	title        = {Efficient and Scalable Bayesian Neural Nets with Rank-1 Factors},
	author       = {Michael W. Dusenberry and Ghassen Jerfel and Yeming Wen and Yi-An Ma and Jasper Snoek and Katherine Heller and Balaji Lakshminarayanan and Dustin Tran},
	year         = 2020,
	booktitle    = {International Conference on Machine Learning}
}
@inproceedings{overconfident-relu,
	title        = {Why relu networks yield high-confidence predictions far away from the training data and how to mitigate the problem},
	author       = {Hein, Matthias and Andriushchenko, Maksym and Bitterwolf, Julian},
	year         = 2019,
	booktitle    = {IEEE Conference on Computer Vision and Pattern Recognition},
	pages        = {41--50}
}
@inproceedings{understanding-nn-relu,
	title        = {Understanding Deep Neural Networks with Rectified Linear Units},
	author       = {Raman Arora and Amitabh Basu and Poorya Mianjy and Anirbit Mukherjee},
	year         = 2018,
	booktitle    = {International Conference on Learning Representations}
}
@article{integrable-infinity,
	title        = {A note on the behavior of integrable functions at infinity},
	author       = {Constantin P. Niculescu and Florin Popovici},
	year         = 2011,
	journal      = {Journal of Mathematical Analysis and Applications}
}
@article{limit-existence-infinity,
	title        = {Existence of the limit at infinity for a function that is integrable on the half line},
	author       = {J. Dix},
	year         = 2013,
	journal      = {Ros-Hulman Undergraduate Mathematics Journal}
}
@article{scoring-rules,
	title        = {Strictly Proper Scoring Rules, Prediction, and Estimation},
	author       = {Tilmann Gneiting and Adrian E Raftery},
	year         = 2007,
	journal      = {Journal of the American Statistical Association},
	publisher    = {Taylor & Francis}
}
@inproceedings{bootstrapped-dqn,
	title        = {Deep Exploration via Bootstrapped DQN},
	author       = {Osband, Ian and Blundell, Charles and Pritzel, Alexander and Van Roy, Benjamin},
	year         = 2016,
	booktitle    = {Advances in Neural Information Processing Systems}
}
@inproceedings{epistemic-pomdp,
	title        = {Why Generalization in {RL} is Difficult: Epistemic {POMDP}s and Implicit Partial Observability},
	author       = {Dibya Ghosh and Jad Rahme and Aviral Kumar and Amy Zhang and Ryan P Adams and Sergey Levine},
	year         = 2021,
	booktitle    = {Advances in Neural Information Processing Systems}
}
@article{bayesian-rl,
	title        = {Bayesian reinforcement learning: A survey},
	author       = {Ghavamzadeh, Mohammad and Mannor, Shie and Pineau, Joelle and Tamar, Aviv and others},
	year         = 2015,
	journal      = {Foundations and Trends in Machine Learning},
	publisher    = {Now Publishers, Inc.},
	volume       = 8,
	number       = {5-6},
	pages        = {359--483}
}
@inproceedings{bsuite-rl,
	title        = {Behaviour Suite for Reinforcement Learning},
	author       = {Ian Osband and Yotam Doron and Matteo Hessel and John Aslanides and Eren Sezener and Andre Saraiva and Katrina McKinney and Tor Lattimore and Csaba Szepesvari and Satinder Singh and Benjamin Van Roy and Richard Sutton and David Silver and Hado Van Hasselt},
	year         = 2020,
	booktitle    = {International Conference on Learning Representations}
}
@misc{testbed-rl,
	title        = {The Neural Testbed: Evaluating Predictive Distributions},
	author       = {Osband, Ian and Wen, Zheng and Asghari, Seyed Mohammad and Dwaracherla, Vikranth and Hao, Botao and Ibrahimi, Morteza and Lawson, Dieterich and Lu, Xiuyuan and O'Donoghue, Brendan and Van Roy, Benjamin},
	year         = 2021,
	publisher    = {arXiv}
}
@misc{prediction-to-decision-joint,
	title        = {From Predictions to Decisions: The Importance of Joint Predictive Distributions},
	author       = {Wen, Zheng and Osband, Ian and Qin, Chao and Lu, Xiuyuan and Ibrahimi, Morteza and Dwaracherla, Vikranth and Asghari, Mohammad and Van Roy, Benjamin}
}
@inproceedings{epistemic-nn,
	title        = {Epistemic Neural Networks},
	author       = {Ian Osband, Zheng Wen, Mohammad Asghari, Morteza Ibrahimi, Xiyuan Lu, Benjamin Van Roy},
	year         = 2021,
	booktitle    = {arxiv}
}
@misc{evaluating-high-order-predictive,
	title        = {Evaluating High-Order Predictive Distributions in Deep Learning},
	author       = {Osband, Ian and Wen, Zheng and Asghari, Seyed Mohammad and Dwaracherla, Vikranth and Lu, Xiuyuan and Van Roy, Benjamin},
	year         = 2022,
	publisher    = {arXiv}
}
@book{distributional-rl,
	title        = {Distributional Reinforcement Learning},
	author       = {Marc G. Bellemare and Will Dabney and Mark Rowland},
	year         = 2022,
	publisher    = {MIT Press}
}
@inproceedings{distributional-rl-prespective,
	title        = {A Distributional Perspective on Reinforcement Learning},
	author       = {Marc G. Bellemare and Will Dabney and R{\'e}mi Munos},
	year         = 2017,
	booktitle    = {International Conference on Machine Learning},
	publisher    = {PMLR},
	series       = {Proceedings of Machine Learning Research},
	volume       = 70,
	pages        = {449--458}
}
@inproceedings{iqn,
	title        = {Implicit Quantile Networks for Distributional Reinforcement Learning},
	author       = {Dabney, Will and Ostrovski, Georg and Silver, David and Munos, Remi},
	year         = 2018,
	booktitle    = {Proceedings of the 35th International Conference on Machine Learning},
	publisher    = {PMLR},
	series       = {Proceedings of Machine Learning Research},
	volume       = 80,
	pages        = {1096--1105}
}
@inproceedings{risk-sensitive-rl,
	title        = {Risk-Sensitive Reinforcement Learning: Near-Optimal Risk-Sample Tradeoff in Regret},
	author       = {Fei, Yingjie and Yang, Zhuoran and Chen, Yudong and Wang, Zhaoran and Xie, Qiaomin},
	year         = 2020,
	booktitle    = {Advances in Neural Information Processing Systems}
}
@inproceedings{randomized-prior-functions,
	title        = {Randomized Prior Functions for Deep Reinforcement Learning},
	author       = {Osband, Ian and Aslanides, John and Cassirer, Albin},
	year         = 2018,
	booktitle    = {International Conference on Neural Information Processing Systems},
	pages        = {8626–8638}
}
@article{epsilon-greedy,
	title        = {Human-level control through deep reinforcement learning},
	author       = {Mnih, Volodymyr and Kavukcuoglu, Koray and Silver, David and Rusu, Andrei A. and Veness, Joel and Bellemare, Marc G. and Graves, Alex and Riedmiller, Martin and Fidjeland, Andreas K. and Ostrovski, Georg and Petersen, Stig and Beattie, Charles and Sadik, Amir and Antonoglou, Ioannis and King, Helen and Kumaran, Dharshan and Wierstra, Daan and Legg, Shane and Hassabis, Demis},
	year         = 2015,
	journal      = {Nature},
	added-at     = {2015-08-26T14:46:40.000+0200}
}
@article{thompson-sampling,
	title        = {On the likelihood that one unknown probability exceeds another in view of the evidence of two samples},
	author       = {Thompson, William R},
	year         = 1933,
	journal      = {Biometrika},
	publisher    = {Oxford University Press},
	volume       = 25,
	number       = {3-4},
	pages        = {285--294}
}
@inproceedings{thompson-sampling-mab,
	title        = {Analysis of thompson sampling for the multi-armed bandit problem},
	author       = {Agrawal, Shipra and Goyal, Navin},
	year         = 2012,
	booktitle    = {Conference on learning theory},
	pages        = {39--1}
}
@article{thompson-sampling-information,
	title        = {An information-theoretic analysis of thompson sampling},
	author       = {Russo, Daniel and Van Roy, Benjamin},
	year         = 2016,
	journal      = {The Journal of Machine Learning Research},
	publisher    = {JMLR.org},
	volume       = 17,
	number       = 1,
	pages        = {2442--2471}
}
@article{no-free-lunch-theorem-optimization,
	title        = {No free lunch theorems for optimization},
	author       = {Wolpert, D.H. and Macready, W.G.},
	year         = 1997,
	journal      = {IEEE Transactions on Evolutionary Computation}
}
@inproceedings{graph-postnet,
	title        = {Graph Posterior Network: Bayesian Predictive Uncertainty for Node Classification},
	author       = {Stadler, Maximilian and Charpentier, Bertrand and Geisler, Simon and Z\"{u}gner, Daniel and G\"{u}nnemann, Stephan},
	year         = 2021,
	booktitle    = {Advances in Neural Information Processing Systems}
}
@inproceedings{power-certainty,
  title={The power of certainty: A dirichlet-multinomial model for belief propagation},
  author={Eswaran, Dhivya and G{\"u}nnemann, Stephan and Faloutsos, Christos},
  booktitle={Proceedings of the 2017 SIAM International Conference on Data Mining},
  year={2017}
}
@inproceedings{dqn,
	title        = {Playing atari with deep reinforcement learning},
	author       = {Mnih, Volodymyr and Kavukcuoglu, Koray and Silver, David and Graves, Alex and Antonoglou, Ioannis and Wierstra, Daan and Riedmiller, Martin},
	year         = 2013,
	booktitle    = {Advances in Neural Information Processing Systems}
}
@article{ppo,
	title        = {Proximal policy optimization algorithms},
	author       = {Schulman, John and Wolski, Filip and Dhariwal, Prafulla and Radford, Alec and Klimov, Oleg},
	year         = 2017,
	journal      = {arXiv preprint arXiv:1707.06347}
}
@inproceedings{a2c,
	title        = {Asynchronous methods for deep reinforcement learning},
	author       = {Mnih, Volodymyr and Badia, Adria Puigdomenech and Mirza, Mehdi and Graves, Alex and Lillicrap, Timothy and Harley, Tim and Silver, David and Kavukcuoglu, Koray},
	year         = 2016,
	booktitle    = {International Conference on Machine Learning},
	pages        = {1928--1937}
}
@article{gym,
	title        = {Openai gym},
	author       = {Brockman, Greg and Cheung, Vicki and Pettersson, Ludwig and Schneider, Jonas and Schulman, John and Tang, Jie and Zaremba, Wojciech},
	year         = 2016,
	journal      = {arXiv preprint arXiv:1606.01540}
}
@inproceedings{acrobot1,
	title        = {Generalization in Reinforcement Learning: Successful Examples Using Sparse Coarse Coding},
	author       = {Sutton, Richard S},
	year         = 1995,
	booktitle    = {Advances in Neural Information Processing Systems},
	volume       = 8
}
@article{acrobot2,
	title        = {RLPy: A Value-Function-Based Reinforcement Learning Framework for Education and Research},
	author       = {Geramifard, Alborz and Dann, Christoph and Klein, Robert H. and Dabney, William and How, Jonathan P.},
	year         = 2015,
	journal      = {Journal of Machine Learning Research},
	publisher    = {JMLR.org}
}
@article{cartpole,
	title        = {Neuronlike adaptive elements that can solve difficult learning control problems},
	author       = {Barto, Andrew G. and Sutton, Richard S. and Anderson, Charles W.},
	year         = 1983,
	journal      = {IEEE transactions on Systems, Man, \& Cybernetics},
	added-at     = {2008-09-16T23:39:07.000+0200}
}
@inproceedings{lunarlander1,
	title        = {The Challenge of Safe Lunar Landing},
	author       = {Brady, Tye and Paschall, Stephen},
	year         = 2010,
	booktitle    = {2010 IEEE Aerospace Conference},
	pages        = {1--14}
}
@inproceedings{lunarlander2,
	title        = {The Challenge of Safe Lunar Landing},
	author       = {Brady, Tye and Paschall, Stephen},
	year         = 2010,
	booktitle    = {2010 IEEE Aerospace Conference},
	pages        = {1--14}
}
@inproceedings{adam-optimizer,
	title        = {Adam: {A} Method for Stochastic Optimization},
	author       = {Diederik P. Kingma and Jimmy Ba},
	year         = 2015,
	booktitle    = {3rd International Conference on Learning Representations, {ICLR} 2015, San Diego, CA, USA, May 7-9, 2015, Conference Track Proceedings}
}
@article{sample-efficient-ac,
	title        = {Sample efficient actor-critic with experience replay},
	author       = {Wang, Ziyu and Bapst, Victor and Heess, Nicolas and Mnih, Volodymyr and Munos, Remi and Kavukcuoglu, Koray and de Freitas, Nando},
	year         = 2016,
	journal      = {International Conference on Learning Representations}
}
@article{ood-detection-survey,
	title        = {Generalized out-of-distribution detection: A survey},
	author       = {Yang, Jingkang and Zhou, Kaiyang and Li, Yixuan and Liu, Ziwei},
	year         = 2021,
	journal      = {arXiv preprint arXiv:2110.11334}
}
@article{benchmark-ood-detection-rl,
	title        = {Benchmark for Out-of-Distribution Detection in Deep Reinforcement Learning},
	author       = {Mohammed, Aaqib Parvez and Valdenegro-Toro, Matias},
	year         = 2021,
	journal      = {NeurIPS Workshop on Bayesian Deep Learning}
}
@article{risk-uncertainty-deep-rl,
	title        = {Estimating risk and uncertainty in deep reinforcement learning},
	author       = {Clements, William R and Van Delft, Bastien and Robaglia, Beno{\^\i}t-Marie and Slaoui, Reda Bahi and Toth, S{\'e}bastien},
	year         = 2019,
	journal      = {arXiv preprint arXiv:1905.09638}
}
@article{efficient-double-uncertain-value-networks,
	title        = {Efficient exploration with Double Uncertain Value Networks},
	author       = {Thomas M. Moerland and Joost Broekens and Catholijn M. Jonker},
	year         = 2017,
	journal      = {ArXiv},
	volume       = {abs/1711.10789}
}
@article{dynamic-programming,
	title        = {Dynamic programming},
	author       = {Bellman, Richard},
	year         = 1966,
	journal      = {Science},
	publisher    = {American Association for the Advancement of Science},
	volume       = 153,
	number       = 3731,
	pages        = {34--37}
}
@inproceedings{domain-shifts-rl,
	title        = {Domain Shifts in Reinforcement Learning: Identifying Disturbances in Environments},
	author       = {Tom Haider and Felippe Schmoeller Roza and Dirk Eilers and Karsten Roscher and Stephan G{\"u}nnemann},
	year         = 2021,
	booktitle    = {Workshop on AISafety at the International Joint Conference on Artificial Intelligence}
}
@inproceedings{rl-risk-sample-trade-off,
	title        = {Risk-Sensitive Reinforcement Learning: Near-Optimal Risk-Sample Tradeoff in Regret},
	author       = {Fei, Yingjie and Yang, Zhuoran and Chen, Yudong and Wang, Zhaoran and Xie, Qiaomin},
	year         = 2020,
	booktitle    = {Proceedings of the 34th International Conference on Neural Information Processing Systems},
	publisher    = {Curran Associates Inc.},
	series       = {NIPS'20}
}
@article{risk-constrained-rl-percentile,
	title        = {Risk-Constrained Reinforcement Learning with Percentile Risk Criteria},
	author       = {Yinlam Chow and Mohammad Ghavamzadeh and Lucas Janson and Marco Pavone},
	year         = 2018,
	journal      = {Journal of Machine Learning Research},
	volume       = 18,
	number       = 167,
	pages        = {1--51}
}
@article{risk-sensitive-mdp,
	title        = {Risk-Sensitive Markov Decision Processes},
	author       = {Ronald A. Howard and James E. Matheson},
	year         = 1972,
	journal      = {Management Science},
	publisher    = {INFORMS},
	volume       = 18,
	number       = 7,
	pages        = {356--369}
}
@article{epistemic-risk,
	title        = {Epistemic Risk-Sensitive Reinforcement Learning},
	author       = {Hannes Eriksson and Christos Dimitrakakis},
	year         = 2020,
	journal      = {ArXiv},
	volume       = {abs/1906.06273}
}
@inproceedings{bayesian-a-bit,
	title        = {Being Bayesian, Even Just a Bit, Fixes Overconfidence in {R}e{LU} Networks},
	author       = {Kristiadi, Agustinus and Hein, Matthias and Hennig, Philipp},
	year         = 2020,
	booktitle    = {International Conference on Machine Learning},
	publisher    = {PMLR},
	series       = {Proceedings of Machine Learning Research},
	volume       = 119,
	pages        = {5436--5446}
}
@inproceedings{information-directed-exploration-deep-rl,
	title        = {Information-Directed Exploration for Deep Reinforcement Learning},
	author       = {Nikolay Nikolov and Johannes Kirschner and Felix Berkenkamp and Andreas Krause},
	year         = 2019,
	booktitle    = {International Conference on Learning Representations}
}
@inproceedings{nonparametric-return-distribution,
	title        = {Nonparametric Return Distribution Approximation for Reinforcement Learning},
	author       = {Tetsuro Morimura and Masashi Sugiyama and Hisashi Kashima and Hirotaka Hachiya and Toshiyuki Tanaka},
	year         = 2010,
	booktitle    = {International Conference on Machine Learning},
	pages        = {799--806},
	cdate        = 1262304000000
}
@misc{uncertainty-rl-collision-avoidance,
    author = {Kahn, Gregory and Villaflor, Adam and Pong, Vitchyr and Abbeel, Pieter and Levine, Sergey},
    title = {Uncertainty-Aware Reinforcement Learning for Collision Avoidance},
    publisher = {arXiv},
    year = {2017}
}
@misc{rl-active-learning,
	title        = {Reinforcement Learning through Active Inference},
	author       = {Alexander Tschantz and Beren Millidge and Anil K. Seth and Christopher L. Buckley},
	year         = 2020,
	eprint       = {2002.12636},
	archiveprefix = {arXiv}
}
@article{deep-rl-deep-kernel-leanring,
	title        = {Bayesian Deep Reinforcement Learning via Deep Kernel Learning},
	author       = {Junyu Xuan and Jie Lu and Zheng Yan and Guangquan Zhang},
	year         = 2018,
	journal      = {International Journal of Computational Intelligence Systems},
	volume       = 12,
	pages        = {164--171}
}
@inproceedings{rl-gp,
	title        = {Reinforcement Learning with Gaussian Processes},
	author       = {Engel, Yaakov and Mannor, Shie and Meir, Ron},
	year         = 2005,
	booktitle    = {International Conference on Machine Learning},
	publisher    = {Association for Computing Machinery},
	series       = {ICML '05},
	pages        = {201–208}
}
@inproceedings{gp-rl,
	title        = {Gaussian Processes in Reinforcement Learning},
	author       = {Kuss, Malte and Rasmussen, Carl},
	year         = 2003,
	booktitle    = {Advances in Neural Information Processing Systems},
	publisher    = {MIT Press},
	volume       = 16
}
@article{safe-rl-model-uncertainty,
	title        = {Safe Reinforcement Learning with Model Uncertainty Estimates},
	author       = {Bj{\"{o}}rn L{\"{u}}tjens and Michael Everett and Jonathan P. How},
	year         = 2018,
	journal      = {CoRR},
	volume       = {abs/1810.08700},
	eprinttype   = {arXiv},
	eprint       = {1810.08700}
}
@inproceedings{decomposition-uncertatinty-bayesian-dl,
	title        = {Decomposition of Uncertainty in {B}ayesian Deep Learning for Efficient and Risk-sensitive Learning},
	author       = {Depeweg, Stefan and Hernandez-Lobato, Jose-Miguel and Doshi-Velez, Finale and Udluft, Steffen},
	year         = 2018,
	booktitle    = {Proceedings of the 35th International Conference on Machine Learning},
	publisher    = {PMLR},
	series       = {Proceedings of Machine Learning Research},
	volume       = 80,
	pages        = {1184--1193}
}
@article{ood-dynamic-benchmark,
	title        = {Out-of-Distribution Dynamics Detection: RL-Relevant Benchmarks and Results},
	author       = {Danesh, Mohamad H and Fern, Alan},
	year         = 2021,
	journal      = {International Conference on Machine Learning workshop on Uncertainty in Deep Learning},
	publisher    = {arXiv}
}
@inproceedings{qyantifying-generalization-rl,
	title        = {Quantifying Generalization in Reinforcement Learning},
	author       = {Cobbe, Karl and Klimov, Oleg and Hesse, Chris and Kim, Taehoon and Schulman, John},
	year         = 2019,
	booktitle    = {Proceedings of the 36th International Conference on Machine Learning},
	publisher    = {PMLR},
	series       = {Proceedings of Machine Learning Research},
	volume       = 97,
	pages        = {1282--1289}
}
@article{generalization-rl-survey,
	title        = {A Survey of Generalisation in Deep Reinforcement Learning},
	author       = {Kirk, Robert and Zhang, Amy and Grefenstette, Edward and Rocktäschel, Tim},
	year         = 2021,
	publisher    = {arXiv}
}
@inproceedings{procgen,
	title        = {Leveraging Procedural Generation to Benchmark Reinforcement Learning},
	author       = {Cobbe, Karl and Hesse, Chris and Hilton, Jacob and Schulman, John},
	year         = 2020,
	booktitle    = {Proceedings of the 37th International Conference on Machine Learning},
	publisher    = {PMLR},
	series       = {Proceedings of Machine Learning Research},
	volume       = 119,
	pages        = {2048--2056}
}
@misc{assessing-generalization-rl,
  author = {Packer, Charles and Gao, Katelyn and Kos, Jernej and Krähenbühl, Philipp and Koltun, Vladlen and Song, Dawn},
  title = {Assessing Generalization in Deep Reinforcement Learning},
  publisher = {arXiv},
  year = {2018}
}
@article{rl-fast-slow,
	title        = {Reinforcement Learning, Fast and Slow},
	author       = {Botvinick, Mathew and Ritter, Sam and Wang, Jane and Kurth-Nelson, Zeb and Blundell, Charles and Hassabis, Demis},
	year         = 2019,
	journal      = {Trends in Cognitive Sciences},
	volume       = 23
}
@inproceedings{sample-efficient-rl-stochastic-ensemble,
	title        = {Sample-Efficient Reinforcement Learning with Stochastic Ensemble Value Expansion},
	author       = {Buckman, Jacob and Hafner, Danijar and Tucker, George and Brevdo, Eugene and Lee, Honglak},
	year         = 2018,
	booktitle    = {Advances in Neural Information Processing Systems},
	publisher    = {Curran Associates, Inc.},
	volume       = 31
}
@inproceedings{q-prop-sample-efficient,
	title        = {Q-Prop: Sample-Efficient Policy Gradient with An Off-Policy Critic},
	author       = {Shixiang Gu and Timothy Lillicrap and Zoubin Ghahramani and Richard E. Turner and Sergey Levine},
	year         = 2017,
	booktitle    = {International Conference on Learning Representations}
}
@misc{ood-generalization-survey,
	title        = {Towards Out-Of-Distribution Generalization: A Survey},
	author       = {Shen, Zheyan and Liu, Jiashuo and He, Yue and Zhang, Xingxuan and Xu, Renzhe and Yu, Han and Cui, Peng},
	year         = 2021,
	publisher    = {arXiv}
}
@article{overview-interpretable-ml,
	title        = {Definitions, methods, and applications in interpretable machine learning},
	author       = {W. James Murdoch  and Chandan Singh  and Karl Kumbier  and Reza Abbasi-Asl  and Bin Yu},
	year         = 2019,
	journal      = {Proceedings of the National Academy of Sciences},
	volume       = 116,
	number       = 44,
	pages        = {22071--22080}
}
@article{desiderata-ml-lifecycle,
	title        = {Assuring the Machine Learning Lifecycle: Desiderata, Methods, and Challenges},
	author       = {Ashmore, Rob and Calinescu, Radu and Paterson, Colin},
	year         = 2021,
	journal      = {ACM Comput. Surv.},
	publisher    = {Association for Computing Machinery},
	volume       = 54,
	number       = 5
}
@article{trustworthy-ai,
	title        = {The assessment list for trustworthy artificial intelligence (ALTAI) for self assessment},
	year         = 2020,
	journal      = {European Commission}
}
@article{pytorch-lightning,
	title        = {PyTorch Lightning},
	author       = {William {Falcon et al.}},
	year         = 2019,
	journal      = {GitHub. Note: https://github.com/PyTorchLightning/pytorch-lightning},
	volume       = 3
}
@inproceedings{ood-automotive-perception,
    author = {Nitsch, Julia and Itkina, Masha and Senanayake, Ransalu and Nieto, Juan and Schmidt, Max and Siegwart, Roland and Kochenderfer, Mykel J. and Cadena, Cesar},
    title = {Out-of-Distribution Detection for Automotive Perception},
    booktitle = {24th IEEE International Conference on Intelligent Transportation Systems (ITSC)},
    year = {2021},
    volume = {},
    pages = {},
}
@misc{wandb,
    title = {Experiment Tracking with Weights and Biases},
    year = {2020},
    note = {Software available from wandb.com},
    url={https://www.wandb.com/},
    author = {Biewald, Lukas},
}
@inproceedings{gpytorch,
    title={GPyTorch: Blackbox Matrix-Matrix Gaussian Process Inference with GPU Acceleration},
    author={Gardner, Jacob R and Pleiss, Geoff and Bindel, David and Weinberger, Kilian Q and Wilson, Andrew Gordon},
    booktitle={Advances in Neural Information Processing Systems},
    year={2018}
}