@incollection{uncertainty_survey,
title = {Can you trust your model\' s uncertainty?  Evaluating predictive uncertainty under dataset shift},
author = {Snoek, Jasper and Ovadia, Yaniv and Fertig, Emily and Lakshminarayanan, Balaji and Nowozin, Sebastian and Sculley, D. and Dillon, Joshua and Ren, Jie and Nado, Zachary},
booktitle = {Advances in Neural Information Processing Systems 32},
editor = {H. Wallach and H. Larochelle and A. Beygelzimer and F. d Alch\'{e}-Buc and E. Fox and R. Garnett},
pages = {13969--13980},
year = {2019},
publisher = {Curran Associates, Inc.},
}

@inproceedings{benchmarking_corruptions,
title={Benchmarking Neural Network Robustness to Common Corruptions and Perturbations},
author={Dan Hendrycks and Thomas Dietterich},
booktitle={International Conference on Learning Representations},
year={2019},
url={https://openreview.net/forum?id=HJz6tiCqYm},
}

@InProceedings{calibration_network,
  title = 	 {On Calibration of Modern Neural Networks},
  author = 	 {Chuan Guo and Geoff Pleiss and Yu Sun and Kilian Q. Weinberger},
  booktitle = 	 {Proceedings of the 34th International Conference on Machine Learning},
  pages = 	 {1321--1330},
  year = 	 {2017},
  editor = 	 {Doina Precup and Yee Whye Teh},
  volume = 	 {70},
  series = 	 {Proceedings of Machine Learning Research},
  address = 	 {International Convention Centre, Sydney, Australia},
  month = 	 {06--11 Aug},
  publisher = 	 {PMLR},
  pdf = 	 {http://proceedings.mlr.press/v70/guo17a/guo17a.pdf},
}

@incollection{ensemble_simple,
title = {Simple and Scalable Predictive Uncertainty Estimation using Deep Ensembles},
author = {Lakshminarayanan, Balaji and Pritzel, Alexander and Blundell, Charles},
booktitle = {Advances in Neural Information Processing Systems 30},
editor = {I. Guyon and U. V. Luxburg and S. Bengio and H. Wallach and R. Fergus and S. Vishwanathan and R. Garnett},
pages = {6402--6413},
year = {2017},
publisher = {Curran Associates, Inc.},
}


@InProceedings{drop_out,
  title = 	 {Dropout as a Bayesian Approximation: Representing Model Uncertainty in Deep Learning},
  author = 	 {Yarin Gal and Zoubin Ghahramani},
  booktitle = 	 {Proceedings of The 33rd International Conference on Machine Learning},
  pages = 	 {1050--1059},
  year = 	 {2016},
  editor = 	 {Maria Florina Balcan and Kilian Q. Weinberger},
  volume = 	 {48},
  series = 	 {Proceedings of Machine Learning Research},
  address = 	 {New York, New York, USA},
  month = 	 {20--22 Jun},
  publisher = 	 {PMLR},
  pdf = 	 {http://proceedings.mlr.press/v48/gal16.pdf},
}


@incollection{prior_net,
title = {Predictive Uncertainty Estimation via Prior Networks},
author = {Malinin, Andrey and Gales, Mark},
booktitle = {Advances in Neural Information Processing Systems 31},
editor = {S. Bengio and H. Wallach and H. Larochelle and K. Grauman and N. Cesa-Bianchi and R. Garnett},
pages = {7047--7058},
year = {2018},
publisher = {Curran Associates, Inc.},
}

@incollection{rev_kl_prior_net,
title = {Reverse KL-Divergence Training of Prior Networks: Improved Uncertainty and Adversarial Robustness},
author = {Malinin, Andrey and Gales, Mark},
booktitle = {Advances in Neural Information Processing Systems 32},
editor = {H. Wallach and H. Larochelle and A. Beygelzimer and F. d Alch\'{e}-Buc and E. Fox and R. Garnett},
pages = {14520--14531},
year = {2019},
publisher = {Curran Associates, Inc.},
}

@incollection{evidential_uncertainty,
title = {Evidential Deep Learning to Quantify Classification Uncertainty},
author = {Sensoy, Murat and Kaplan, Lance and Kandemir, Melih},
booktitle = {Advances in Neural Information Processing Systems 31},
editor = {S. Bengio and H. Wallach and H. Larochelle and K. Grauman and N. Cesa-Bianchi and R. Garnett},
pages = {3179--3189},
year = {2018},
publisher = {Curran Associates, Inc.},
}
@incollection{uncertainty_time,
title = {Uncertainty on Asynchronous Time Event Prediction},
author = {Bilo\v{s}, Marin and Charpentier, Bertrand and G\"{u}nnemann, Stephan},
booktitle = {Advances in Neural Information Processing Systems 32},
editor = {H. Wallach and H. Larochelle and A. Beygelzimer and F. d Alch\'{e}-Buc and E. Fox and R. Garnett},
pages = {12831--12840},
year = {2019},
publisher = {Curran Associates, Inc.},
}

@inproceedings{distribution_distillation,
title={Ensemble Distribution Distillation},
author={Andrey Malinin and Bruno Mlodozeniec and Mark Gales},
booktitle={International Conference on Learning Representations},
year={2020},
}

@incollection{practical_deep_bayesian_principles,
title = {Practical Deep Learning with Bayesian Principles},
author = {Osawa, Kazuki and Swaroop, Siddharth and Khan, Mohammad Emtiyaz E and Jain, Anirudh and Eschenhagen, Runa and Turner, Richard E and Yokota, Rio},
booktitle = {Advances in Neural Information Processing Systems 32},
editor = {H. Wallach and H. Larochelle and A. Beygelzimer and F. d Alch\'{e}-Buc and E. Fox and R. Garnett},
pages = {4289--4301},
year = {2019},
publisher = {Curran Associates, Inc.},
}

@incollection{simple_baseline_uncertainty,
title = {A Simple Baseline for Bayesian Uncertainty in Deep Learning},
author = {Maddox, Wesley J and Izmailov, Pavel and Garipov, Timur and Vetrov, Dmitry P and Wilson, Andrew Gordon},
booktitle = {Advances in Neural Information Processing Systems 32},
editor = {H. Wallach and H. Larochelle and A. Beygelzimer and F. d Alch\'{e}-Buc and E. Fox and R. Garnett},
pages = {13132--13143},
year = {2019},
publisher = {Curran Associates, Inc.},
}

@inproceedings{uncertainty_on_weigths,
author = {Blundell, Charles and Cornebise, Julien and Kavukcuoglu, Koray and Wierstra, Daan},
title = {Weight Uncertainty in Neural Networks},
year = {2015},
publisher = {JMLR.org},
booktitle = {Proceedings of the 32nd International Conference on International Conference on Machine Learning - Volume 37},
pages = {1613–1622},
numpages = {10},
location = {Lille, France},
series = {ICML’15}
}

@ARTICLE{semi_conditional_flow,
       author = {{Atanov}, Andrei and {Volokhova}, Alexandra and {Ashukha}, Arsenii and
         {Sosnovik}, Ivan and {Vetrov}, Dmitry},
        title = "{Semi-Conditional Normalizing Flows for Semi-Supervised Learning}",
      journal = {arXiv e-prints},
     keywords = {Statistics - Machine Learning, Computer Science - Machine Learning},
         year = "2019",
        month = "May",
          eid = {arXiv:1905.00505},
        pages = {arXiv:1905.00505},
archivePrefix = {arXiv},
       eprint = {1905.00505},
 primaryClass = {stat.ML},
       adsurl = {https://ui.adsabs.harvard.edu/abs/2019arXiv190500505A},
      adsnote = {Provided by the SAO/NASA Astrophysics Data System}
}


@InProceedings{vi_flow,
  title = 	 {Variational Inference with Normalizing Flows},
  author = 	 {Danilo Rezende and Shakir Mohamed},
  booktitle = 	 {Proceedings of the 32nd International Conference on Machine Learning},
  pages = 	 {1530--1538},
  year = 	 {2015},
  editor = 	 {Francis Bach and David Blei},
  volume = 	 {37},
  series = 	 {Proceedings of Machine Learning Research},
  address = 	 {Lille, France},
  month = 	 {07--09 Jul},
  publisher = 	 {PMLR},
  pdf = 	 {http://proceedings.mlr.press/v37/rezende15.pdf},
  url = 	 {http://proceedings.mlr.press/v37/rezende15.html},
}


@incollection{iaf_flow,
title = {Improved Variational Inference with Inverse Autoregressive Flow},
author = {Kingma, Durk P and Salimans, Tim and Jozefowicz, Rafal and Chen, Xi and Sutskever, Ilya and Welling, Max},
booktitle = {Advances in Neural Information Processing Systems 29},
editor = {D. D. Lee and M. Sugiyama and U. V. Luxburg and I. Guyon and R. Garnett},
pages = {4743--4751},
year = {2016},
publisher = {Curran Associates, Inc.},
}

@InProceedings{neural_flow,
  title = 	 {Neural Autoregressive Flows},
  author = 	 {Huang, Chin-Wei and Krueger, David and Lacoste, Alexandre and Courville, Aaron},
  booktitle = 	 {Proceedings of the 35th International Conference on Machine Learning},
  pages = 	 {2078--2087},
  year = 	 {2018},
  editor = 	 {Dy, Jennifer and Krause, Andreas},
  volume = 	 {80},
  series = 	 {Proceedings of Machine Learning Research},
  address = 	 {Stockholmsmässan, Stockholm Sweden},
  month = 	 {10--15 Jul},
  publisher = 	 {PMLR},
  pdf = 	 {http://proceedings.mlr.press/v80/huang18d/huang18d.pdf},
}


@article{robust_generative,
  title={Are Generative Classifiers More Robust to Adversarial Attacks?},
  author={Yingzhen Li},
  journal={ICML 2019},
  year={2018},
  volume={abs/1802.06552}
}

@article{update_belief_propagation,
author = {Bissiri, P. G. and Holmes, C. C. and Walker, S. G.},
title = {A general framework for updating belief distributions},
journal = {Journal of the Royal Statistical Society: Series B (Statistical Methodology)},
volume = {78},
number = {5},
pages = {1103-1130},
keywords = {Decision theory, General Bayesian updating, Generalized estimating equations, Gibbs posteriors, Information, Loss function, Maximum entropy, Provably approximately correct Bayes methods, Self-information loss function},
doi = {10.1111/rssb.12158},
eprint = {https://rss.onlinelibrary.wiley.com/doi/pdf/10.1111/rssb.12158},
year = {2016}
}

@inproceedings{PAC_bayesian_estimator,
author = {Shawe-Taylor, John and Williamson, Robert C.},
title = {A PAC Analysis of a Bayesian Estimator},
year = {1997},
isbn = {0897918916},
publisher = {Association for Computing Machinery},
address = {New York, NY, USA},
doi = {10.1145/267460.267466},
booktitle = {Proceedings of the Tenth Annual Conference on Computational Learning Theory},
pages = {2–9},
numpages = {8},
location = {Nashville, Tennessee, USA},
series = {COLT ’97}
}

@article{opt_info_processing_bayes,
author = {Zellner, Arnold},
year = {1988},
month = {11},
pages = {278},
title = {Optimal Information Processing and Bayes's Theorem},
volume = {42},
journal = {The American Statistician},
doi = {10.2307/2685143}
}

@article{learning_algo_bayes_principles,
author = {Khan, Rue},
year = {2019},
title = {Learning-Algorithms from Bayesian Principles}
}

@misc{uci_datasets,
author = "Dua, Dheeru and Graff, Casey",
year = "2017",
title = "{UCI} Machine Learning Repository",
url = "http://archive.ics.uci.edu/ml",
institution = "University of California, Irvine, School of Information and Computer Sciences" }

@article{mnist,
  added-at = {2010-06-28T21:16:30.000+0200},
  author = {LeCun, Yann and Cortes, Corinna},
  biburl = {https://www.bibsonomy.org/bibtex/2935bad99fa1f65e03c25b315aa3c1032/mhwombat},
  groups = {public},
  howpublished = {http://yann.lecun.com/exdb/mnist/},
  interhash = {21b9d0558bd66279df9452562df6e6f3},
  intrahash = {935bad99fa1f65e03c25b315aa3c1032},
  keywords = {MSc _checked character_recognition mnist network neural},
  lastchecked = {2016-01-14 14:24:11},
  timestamp = {2016-07-12T19:25:30.000+0200},
  title = {{MNIST} handwritten digit database},
  username = {mhwombat},
  year = 2010
}

@article{cifar10,
title= {CIFAR-10 (Canadian Institute for Advanced Research)},
journal= {},
author= {Alex Krizhevsky and Vinod Nair and Geoffrey Hinton},
year= {},
}