@article{Zhi2020,
  title={Gaussian processes on graphs via spectral kernel learning},
  author={Zhi, Yin-Cong and Ng, Yin Cheng and Dong, Xiaowen},
  journal={arXiv preprint arXiv:2006.07361},
  year={2020}
}

@inproceedings{Louizos2017,
  title={Multiplicative normalizing flows for variational bayesian neural networks},
  author={Louizos, Christos and Welling, Max},
  booktitle={International Conference on Machine Learning},
  year={2017},
}

@article{Zhan2020,
  title={I-GCN: Robust Graph Convolutional Network via Influence Mechanism},
  author={Zhan, Haoxi and Pei, Xiaobing},
  journal={arXiv preprint arXiv:2012.06110},
  year={2020}
}

@article{Ng2018,
  title={Bayesian semi-supervised learning with graph gaussian processes},
  author={Ng, Yin Cheng and Colombo, Nicol{\`o} and Silva, Ricardo},
  journal={arXiv preprint arXiv:1809.04379},
  year={2018}
}

@incollection{Getoor2005,
  title={Link-based classification},
  author={Getoor, Lise},
  booktitle={Advanced methods for knowledge discovery from complex data},
  year={2005},
  publisher={Springer}
}

@inproceedings{Safavi2020,
  title={Evaluating the Calibration of Knowledge Graph Embeddings for Trustworthy Link Prediction},
  author={Safavi, Tara and Koutra, Danai and Meij, Edgar},
  booktitle={Conference on Empirical Methods in Natural Language Processing},
  year={2020}
}

@inproceedings{Bojchevski2020,
  title={Scaling graph neural networks with approximate pagerank},
  author={Bojchevski, Aleksandar and Klicpera, Johannes and Perozzi, Bryan and Kapoor, Amol and Blais, Martin and R{\'o}zemberczki, Benedek and Lukasik, Michal and G{\"u}nnemann, Stephan},
  booktitle={SIGKDD International Conference on Knowledge Discovery \& Data Mining},
  year={2020}
}

@article{Huang2020,
  title={Combining Label Propagation and Simple Models Out-performs Graph Neural Networks},
  author={Huang, Qian and He, Horace and Singh, Abhay and Lim, Ser-Nam and Benson, Austin R},
  journal={arXiv preprint arXiv:2010.13993},
  keywords={correct and smooth,graphs,node classification},
  year={2020}
}

@article{Zhao2020,
  title={Uncertainty Aware Semi-Supervised Learning on Graph Data},
  author={Zhao, Xujiang and Chen, Feng and Hu, Shu and Cho, Jin-Hee},
  journal={Advances in Neural Information Processing Systems},
  keywords={gaussian dirichlet kernel, uncertainty},
  year={2020}
}

@inproceedings{Dietterich2000,
  title={Ensemble methods in machine learning},
  author={Dietterich, Thomas G},
  booktitle={International workshop on multiple classifier systems},
  keywords = {graphs,pagerank},
  keywords = {ensemble},
  pages={1--15},
  year={2000},
  organization={Springer}
}

@techreport{Page1999,
  title={The PageRank citation ranking: Bringing order to the web.},
  author={Page, Lawrence and Brin, Sergey and Motwani, Rajeev and Winograd, Terry},
  year={1999},
  institution={Stanford InfoLab}
}

@inproceedings{Akita2018,
  title={Bayesgrad: Explaining predictions of graph convolutional networks},
  author={Akita, Hirotaka and Nakago, Kosuke and Komatsu, Tomoki and Sugawara, Yohei and Maeda, Shin-ichi and Baba, Yukino and Kashima, Hisashi},
  booktitle={Advances in Neural Information Processing Systems},
  keywords = {bayesian,explainer,gcn,gradient,graphs},
  year={2018},
}


@article{Atanov2019,
  title={Semi-conditional normalizing flows for semi-supervised learning},
  author={Atanov, Andrei and Volokhova, Alexandra and Ashukha, Arsenii and Sosnovik, Ivan and Vetrov, Dmitry},
  journal={arXiv preprint arXiv:1905.00505},
  year={2019}
}

@inproceedings{Zhu2019,
  title={Robust graph convolutional networks against adversarial attacks},
  author={Zhu, Dingyuan and Zhang, Ziwei and Cui, Peng and Zhu, Wenwu},
  booktitle={SIGKDD International Conference on Knowledge Discovery \& Data Mining},
  keywords = {Adversarial Attacks,Deep Learning,Graph Convolutional Networks,Robustness},
  year={2019}
}

@article{Wang2020,
  title={Unifying graph convolutional neural networks and label propagation},
  author={Wang, Hongwei and Leskovec, Jure},
  keywords = {gnn,label propagation,learnable edge weights,node classification},
  journal={arXiv preprint arXiv:2002.06755},
  year={2020}
}

@article{Kalofolias2017,
  title={Large scale graph learning from smooth signals},
  author={Kalofolias, Vassilis and Perraudin, Nathana{\"e}l},
  journal={arXiv preprint arXiv:1710.05654},
  keywords = {graph learning},
  year={2017}
}

@inproceedings{Kingma2016,
  title={Improved variational inference with inverse autoregressive flow},
  author={Kingma, Diederik P and Salimans, Tim and Jozefowicz, Rafal and Chen, Xi and Sutskever, Ilya and Welling, Max},
  booktitle={International Conference on Neural Information Processing Systems},
  keywords = {autoregressive,density estimation,iaf},
  year={2016}
}

@article{Ryu2019a,
  title={A Bayesian graph convolutional network for reliable prediction of molecular properties with uncertainty quantification},
  author={Ryu, Seongok and Kwon, Yongchan and Kim, Woo Youn},
  journal={Chemical science},
  volume={10},
  number={36},
  pages={8438--8446},
  year={2019},
  publisher={Royal Society of Chemistry}
}

@article{pal2019bayesian,
  title={Bayesian graph convolutional neural networks using non-parametric graph learning},
  author={Pal, Soumyasundar and Regol, Florence and Coates, Mark},
  journal={arXiv preprint arXiv:1910.12132},
  keywords = {bayesian,gcn,graphs,uncertainty},
  year={2019}
}

@inproceedings{Gal2016,
  title={Dropout as a bayesian approximation: Representing model uncertainty in deep learning},
  author={Gal, Yarin and Ghahramani, Zoubin},
  booktitle={International Conference on Machine Learning},
  keywords = {dropout,model uncertainty},
  year={2016},
}

@inproceedings{Gal2017,
  title={Concrete dropout},
  author={Gal, Yarin and Hron, Jiri and Kendall, Alex},
  booktitle={Advances in Neural Information Processing Systems},
  pages={3584--3593},
  year={2017}
}

@article{Feng2020,
  title={Uncertainty-aware Attention Graph Neural Network for Defending Adversarial Attacks},
  author={Feng, Boyuan and Wang, Yuke and Wang, Zheng and Ding, Yufei},
  keywords = {attack,defense,graphs,uat,uncertainty,weighted aggregation},
  journal={arXiv preprint arXiv:2009.10235},
  year={2020}
}

@article{Gal2016a,
    author = {Gal, Yarin},
    title = {{Uncertainty in Deep Learning}},
    year = {2016}
}

@article{Wu2018,
  title={MoleculeNet: a benchmark for molecular machine learning},
  author={Wu, Zhenqin and Ramsundar, Bharath and Feinberg, Evan N and Gomes, Joseph and Geniesse, Caleb and Pappu, Aneesh S and Leswing, Karl and Pande, Vijay},
  journal={Chemical science},
  volume={9},
  number={2},
  pages={513--530},
  year={2018},
  publisher={Royal Society of Chemistry}
}

@article{Degroot1983,
    author = {DeGroot, Morris H and Fienberg, Stephen E},
    journal = {Journal of the Royal Statistical Society: Series D (The Statistician)},
    keywords = {calibration,reference},
    number = {1-2},
    pages = {12--22},
    publisher = {Wiley Online Library},
    title = {{The comparison and evaluation of forecasters}},
    volume = {32},
    year = {1983}
}

@inproceedings{Qu2019,
  title={GMNN: Graph markov neural networks},
  author={Qu, Meng and Bengio, Yoshua and Tang, Jian},
  booktitle={International conference on machine learning},
  year={2019},
}

@article{Bojchevski2017,
  title={Deep gaussian embedding of graphs: Unsupervised inductive learning via ranking},
  author={Bojchevski, Aleksandar and G{\"u}nnemann, Stephan},
  keywords = {Graph2Gauss,cora-ml,dataset,graphs,node classification,uncertainty},
  journal={arXiv preprint arXiv:1707.03815},
  year={2017}
}

@inproceedings{Zugner2018,
  title={Adversarial attacks on neural networks for graph data},
  author={Z{\"u}gner, Daniel and Akbarnejad, Amir and G{\"u}nnemann, Stephan},
  booktitle={SIGKDD International Conference on Knowledge Discovery \& Data Mining},
  keywords = {Adversarial machine learning,Graph convolutional networks,Graph mining,Network mining,Semi-supervised learning},
  pages={2847--2856},
  year={2018}
}

@article{Bilovs2019,
  title={Uncertainty on Asynchronous Time Event Prediction},
  author={Bilo{\v{s}}, Marin and Charpentier, Bertrand and G{\"u}nnemann, Stephan},
  journal={Advances in Neural Information Processing Systems},
  keywords = {uce,uncertain cross entropy,uncertainty},
  year={2019}
}

@inproceedings{Hron2018,
  title={Variational bayesian dropout: pitfalls and fixes},
  author={Hron, Jiri and Matthews, Alex and Ghahramani, Zoubin},
  booktitle={International Conference on Machine Learning},
  year={2018},
}

@inproceedings{Izmailov2020,
  title={Semi-supervised learning with normalizing flows},
  author={Izmailov, Pavel and Kirichenko, Polina and Finzi, Marc and Wilson, Andrew Gordon},
  booktitle={International Conference on Machine Learning},
  keywords = {density estimation,flowgmm,normalizing flow,semi-supervised},
  year={2020},
}

@article{Liu2020a,
  title={Energy-based Out-of-distribution Detection},
  author={Liu, Weitang and Wang, Xiaoyun and Owens, John and Li, Yixuan},
  journal={Advances in Neural Information Processing Systems},
  keywords = {energy,gibbs-free energy,ood,reference,uncertainty},
  year={2020}
}


@article{Sen2008a,
  title={Collective classification in network data},
  author={Sen, Prithviraj and Namata, Galileo and Bilgic, Mustafa and Getoor, Lise and Galligher, Brian and Eliassi-Rad, Tina},
  journal={AI magazine},
  volume={29},
  number={3},
  pages={93--93},
  year={2008}
}


@inproceedings{Ma2019,
  title={Deep neural architecture search with deep graph bayesian optimization},
  author={Ma, Lizheng and Cui, Jiaxu and Yang, Bo},
  booktitle={2019 IEEE/WIC/ACM International Conference on Web Intelligence (WI)},
  keywords = {Bayesian optimization,Deep learning,Graph neural network,Image recognition,Neural architecture search},
  pages={500--507},
  year={2019},
  organization={IEEE}
}

@article{Chen2018,
  title={Fastgcn: fast learning with graph convolutional networks via importance sampling},
  author={Chen, Jie and Ma, Tengfei and Xiao, Cao},
  journal={arXiv preprint arXiv:1801.10247},
  keywords = {fast-gcn,gcn variant,sampling,scale gcn},
  year={2018}
}

@article{Kipf2016,
    author = {Kipf, Thomas N. and Welling, Max},
    journal = {International Conference on Learning Representations},
    title = {{Semi-Supervised Classification with Graph Convolutional Networks}},
    year = {2016}
}

@article{Kingma2014,
  title={Adam: A method for stochastic optimization},
  author={Kingma, Diederik P and Ba, Jimmy},
  journal={arXiv preprint arXiv:1412.6980},
  year={2014}
}

@inproceedings{Liu2020c,
  title={Uncertainty aware graph gaussian process for semi-supervised learning},
  author={Liu, Zhao-Yang and Li, Shao-Yuan and Chen, Songcan and Hu, Yao and Huang, Sheng-Jun},
  booktitle={AAAI Conference on Artificial Intelligence},
  volume={34},
  pages={4957--4964},
  year={2020}
}

@article{Goyal2018,
  title={Capturing edge attributes via network embedding},
  author={Goyal, Palash and Hosseinmardi, Homa and Ferrara, Emilio and Galstyan, Aram},
  journal={IEEE Transactions on Computational Social Systems},
  volume={5},
  number={4},
  pages={907--917},
  year={2018},
  publisher={IEEE}
}

@article{Gao2019,
  title={edge2vec: Representation learning using edge semantics for biomedical knowledge discovery},
  author={Gao, Zheng and Fu, Gang and Ouyang, Chunping and Tsutsui, Satoshi and Liu, Xiaozhong and Yang, Jeremy and Gessner, Christopher and Foote, Brian and Wild, David and Ding, Ying and others},
  journal={BMC bioinformatics},
  volume={20},
  number={1},
  pages={1--15},
  year={2019},
  publisher={BioMed Central}
}

@article{Cai2020,
  title={Graphnorm: A principled approach to accelerating graph neural network training},
  author={Cai, Tianle and Luo, Shengjie and Xu, Keyulu and He, Di and Liu, Tie-yan and Wang, Liwei},
  journal={arXiv preprint arXiv:2009.03294},
  year={2020}
}

@article{kwon2020uncertainty,
  title={Uncertainty quantification using Bayesian neural networks in classification: Application to biomedical image segmentation},
  author={Kwon, Yongchan and Won, Joong-Ho and Kim, Beom Joon and Paik, Myunghee Cho},
  journal={Computational Statistics \& Data Analysis},
  keywords = {example,medical,uncertainty},
  volume={142},
  pages={106816},
  year={2020},
  publisher={Elsevier}
}

@inproceedings{Borovitskiy2020,
  title={{Mat\'ern Gaussian Processes on Graphs}},
  author={Borovitskiy, Viacheslav and Azangulov, Iskander and Terenin, Alexander and Mostowsky, Peter and Deisenroth, Marc and Durrande, Nicolas},
  booktitle={International Conference on Artificial Intelligence and Statistics},
  year={2021},
}

@article{Ashukha2020,
  title={Pitfalls of in-domain uncertainty estimation and ensembling in deep learning},
  author={Ashukha, Arsenii and Lyzhov, Alexander and Molchanov, Dmitry and Vetrov, Dmitry},
  journal={arXiv preprint arXiv:2002.06470},
  keywords = {todo},
  year={2020}
}

@article{Malinin2019a,
  title={Ensemble distribution distillation},
  author={Malinin, Andrey and Mlodozeniec, Bruno and Gales, Mark},
  journal={arXiv preprint arXiv:1905.00076},
  keywords = {distillation,ensemble,reference,uncertainty},
  year={2019}
}

@article{Clarke2003,
  title={Comparing Bayes model averaging and stacking when model approximation error cannot be ignored},
  author={Clarke, Bertrand},
  journal={Journal of Machine Learning Research},
  volume={4},
  number={Oct},
  pages={683--712},
  year={2003}
}

@inproceedings{Sensoy2018,
  title={Evidential deep learning to quantify classification uncertainty},
  author={Sensoy, Murat and Kaplan, Lance and Kandemir, Melih},
  booktitle={Advances in Neural Information Processing Systems},
  year={2018}
}

@inproceedings{Zhang2019b,
  title={Bayesian graph convolutional neural networks for semi-supervised classification},
  author={Zhang, Yingxue and Pal, Soumyasundar and Coates, Mark and Ustebay, Deniz},
  booktitle={AAAI Conference on Artificial Intelligence},
  keywords = {bayesian,gcn,graphs,uncertainty},
  year={2019}
}

@article{Tabak2010,
  title={Density estimation by dual ascent of the log-likelihood},
  author={Tabak, Esteban G and Vanden-Eijnden, Eric and others},
  journal={Communications in Mathematical Sciences},
  keywords = {todo},
  year={2010},
  publisher={International Press of Boston}
}

@inproceedings{Rezende2015,
  title={Variational inference with normalizing flows},
  author={Rezende, Danilo and Mohamed, Shakir},
  booktitle={International Conference on Machine Learning},
  keywords = {density estimation,normalizing flow,planar flow,radial flow},
  year={2015},
}

@inproceedings{Chin2019,
  title={Decoupled smoothing on graphs},
  author={Chin, Alex and Chen, Yatong and M. Altenburger, Kristen and Ugander, Johan},
  booktitle={The World Wide Web Conference},
  keywords = {Attribute prediction,Graph smoothing,Semi-supervised learning},
  year={2019}
}

@article{Ryu2019,
  title={Uncertainty quantification of molecular property prediction with Bayesian neural networks},
  author={Ryu, Seongok and Kwon, Yongchan and Kim, Woo Youn},
  journal={arXiv preprint arXiv:1903.08375},
  keywords = {bayesian,dropout,graphs,reference,uncertainty},
  year={2019}
}

@inproceedings{Bojchevski2018a,
  title={Bayesian robust attributed graph clustering: Joint learning of partial anomalies and group structure},
  author={Bojchevski, Aleksandar and G{\"u}nnemann, Stephan},
  booktitle={AAAI Conference on Artificial Intelligence},
  year={2018}
}

@inproceedings{Lakshminarayanan2017,
  title={Simple and scalable predictive uncertainty estimation using deep ensembles},
  author={Lakshminarayanan, Balaji and Pritzel, Alexander and Blundell, Charles},
  booktitle={Proceedings of the 31st International Conference on Neural Information Processing Systems},
  pages={6405--6416},
  year={2017}
}


@article{Gleich2015,
  title={PageRank beyond the Web},
  author={Gleich, David F},
  journal={siam REVIEW},
  volume={57},
  number={3},
  pages={321--363},
  year={2015},
  publisher={SIAM}
}


@inproceedings{Yang2016,
  title={Revisiting semi-supervised learning with graph embeddings},
  author={Yang, Zhilin and Cohen, William and Salakhudinov, Ruslan},
  booktitle={International conference on machine learning},
  year={2016},
}

@inproceedings{Eswaran2017,
  title={The power of certainty: A dirichlet-multinomial model for belief propagation},
  author={Eswaran, Dhivya and G{\"u}nnemann, Stephan and Faloutsos, Christos},
  booktitle={Proceedings of the 2017 SIAM International Conference on Data Mining},
  year={2017}
}


@inproceedings{Guo2017,
  title={On calibration of modern neural networks},
  author={Guo, Chuan and Pleiss, Geoff and Sun, Yu and Weinberger, Kilian Q},
  booktitle={International Conference on Machine Learning},
  year={2017},
}


@inproceedings{Mcauley2015,
  title={Image-based recommendations on styles and substitutes},
  author={McAuley, Julian and Targett, Christopher and Shi, Qinfeng and Van Den Hengel, Anton},
  booktitle={Research and Development in Information Retrieval},
  keywords = {amazon,co-purchase,dataset},
  year={2015}
}

@inproceedings{Osband2016,
author = {Osband, Ian},
booktitle = {NeurIPS Workshop on Bayesian Deep Learning},
keywords = {todo},
title = {{Risk versus uncertainty in deep learning: Bayes, bootstrap and the dangers of dropout}},
year = {2016}
}

@article{Bandyopadhyay2019,
  title={Beyond node embedding: a direct unsupervised edge representation framework for homogeneous networks},
  author={Bandyopadhyay, Sambaran and Biswas, Anirban and Murty, M Narasimha and Narayanam, Ramasuri},
  journal={arXiv preprint arXiv:1912.05140},
  year={2019}
}

@article{Kipf2016a,
  title={Variational graph auto-encoders},
  author={Kipf, Thomas N and Welling, Max},
  journal={arXiv preprint arXiv:1611.07308},
  year={2016}
}

@inproceedings{Anirudh2019,
  title={Bootstrapping graph convolutional neural networks for autism spectrum disorder classification},
  author={Anirudh, Rushil and Thiagarajan, Jayaraman J},
  booktitle={ICASSP 2019-2019 IEEE International Conference on Acoustics, Speech and Signal Processing (ICASSP)},
  keywords = {autism spectrum disorder classification,fMRI,graph convolutional networks,population graphs},
  pages={3197--3201},
  year={2019},
  organization={IEEE}
}

@article{Klicpera2019,
  title={Diffusion improves graph learning},
  author={Klicpera, Johannes and Wei{\ss}enberger, Stefan and G{\"u}nnemann, Stephan},
  keywords = {diffusion,graphs},
  journal={arXiv preprint arXiv:1911.05485},
  year={2019}
}

@inproceedings{Giles1998,
  title={CiteSeer: An automatic citation indexing system},
  author={Giles, C Lee and Bollacker, Kurt D and Lawrence, Steve},
  booktitle={Proceedings of the third ACM conference on Digital libraries},
  pages={89--98},
  year={1998}
}

@article{Antoran2020,
  title={Depth uncertainty in neural networks},
  author={Antor{\'a}n, Javier and Allingham, James Urquhart and Hern{\'a}ndez-Lobato, Jos{\'e} Miguel},
  journal={arXiv preprint arXiv:2006.08437},
  year={2020}
}


@article{Bresson2017,
    author = {Bresson, Xavier and Laurent, Thomas},
    journal = {arXiv preprint arXiv:1711.07553},
    keywords = {gnn,residual gated network},
    title = {{Residual gated graph convnets}},
    year = {2017}
}

@article{Papamakarios2017,
    author = {Papamakarios, George and Pavlakou, Theo and Murray, Iain},
    journal = {arXiv preprint arXiv:1705.07057},
    keywords = {autoregressive,density estimation,maf},
    title = {{Masked autoregressive flow for density estimation}},
    year = {2017}
}

@article{Lee2017,
    author = {Lee, Kimin and Lee, Honglak and Lee, Kibok and Shin, Jinwoo},
    journal = {arXiv preprint arXiv:1711.09325},
    keywords = {generating samples,learning,ood},
    title = {{Training confidence-calibrated classifiers for detecting out-of-distribution samples}},
    year = {2017}
}

@article{Gui2014,
    author = {Gui, Jie and Hu, Rongxiang and Zhao, Zhongqiu and Jia, Wei},
    journal = {International Journal of Computer Mathematics},
    keywords = {class prior knowledge,geodesic distance,label information,semi-supervised learning},
    number = {11},
    pages = {2389--2402},
    title = {{Semi-supervised learning with local and global consistency}},
    volume = {91},
    year = {2014}
}

@inproceedings{Malinin2017,
    author = {Malinin, Andrey and Ragni, Anton and Knill, Kate and Gales, Mark},
    booktitle = {Annual Meeting of the Association for Computational Linguistics},
    keywords = {todo},
    title = {{Incorporating uncertainty into deep learning for spoken language assessment}},
    year = {2017}
}

@article{Mccallum2000,
    author = {McCallum, Andrew Kachites and Nigam, Kamal and Rennie, Jason and Seymore, Kristie},
    journal = {Information Retrieval},
    keywords = {cora,dataset,node classification},
    publisher = {Springer},
    title = {{Automating the construction of internet portals with machine learning}},
    year = {2000}
}

@article{Hendrycks2018,
  title={Deep anomaly detection with outlier exposure},
  author={Hendrycks, Dan and Mazeika, Mantas and Dietterich, Thomas},
  journal={arXiv preprint arXiv:1812.04606},
  year={2018}
}

@article{Liang2017,
    author = {Liang, Shiyu and Li, Yixuan and Srikant, Rayadurgam},
    journal = {arXiv preprint arXiv:1706.02690},
    keywords = {odin,ood,temperature scaling},
    title = {{Enhancing the reliability of out-of-distribution image detection in neural networks}},
    year = {2017}
}


@article{Elinas2019,
  title={Variational Inference for Graph Convolutional Networks in the Absence of Graph Data and Adversarial Settings},
  author={Elinas, Pantelis and Bonilla, Edwin V and Tiao, Louis},
  journal={Advances in Neural Information Processing Systems},
  year={2020}
}


@article{Grathwohl2019,
  title={Your classifier is secretly an energy based model and you should treat it like one},
  author={Grathwohl, Will and Wang, Kuan-Chieh and Jacobsen, J{\"o}rn-Henrik and Duvenaud, David and Norouzi, Mohammad and Swersky, Kevin},
  journal={arXiv preprint arXiv:1912.03263},
  year={2019}
}

@article{Ying2018,
  title={Hierarchical graph representation learning with differentiable pooling},
  author={Ying, Rex and You, Jiaxuan and Morris, Christopher and Ren, Xiang and Hamilton, William L and Leskovec, Jure},
  journal={arXiv preprint arXiv:1806.08804},
  year={2018}
}


@article{Ovadia2019,
  title={Can you trust your model's uncertainty? Evaluating predictive uncertainty under dataset shift},
  author={Ovadia, Yaniv and Fertig, Emily and Ren, Jie and Nado, Zachary and Sculley, David and Nowozin, Sebastian and Dillon, Joshua V and Lakshminarayanan, Balaji and Snoek, Jasper},
  journal={arXiv preprint arXiv:1906.02530},
  year={2019}
}

@article{Shchur2018,
  title={Pitfalls of graph neural network evaluation},
  author={Shchur, Oleksandr and Mumme, Maximilian and Bojchevski, Aleksandar and G{\"u}nnemann, Stephan},
  journal={arXiv preprint arXiv:1811.05868},
  year={2018}
}

@inproceedings{Hasanzadeh2020,
  title={Bayesian graph neural networks with adaptive connection sampling},
  author={Hasanzadeh, Arman and Hajiramezanali, Ehsan and Boluki, Shahin and Zhou, Mingyuan and Duffield, Nick and Narayanan, Krishna and Qian, Xiaoning},
  booktitle={International Conference on Machine Learning},
  year={2020},
}

@article{Minka2000,
  title={Bayesian model averaging is not model combination},
  author={Minka, Thomas P},
  journal={Available electronically at http://www. stat. cmu. edu/minka/papers/bma. html},
  pages={1--2},
  year={2000},
  publisher={Citeseer}
}


@article{Dinh2014,
    author = {Dinh, Laurent and Krueger, David and Bengio, Yoshua},
    journal = {arXiv preprint arXiv:1410.8516},
    keywords = {NICE,density estimation},
    title = {{Nice: Non-linear independent components estimation}},
    year = {2014}
}

@article{Velickovic2017,
  title={Graph attention networks},
  author={Veli{\v{c}}kovi{\'c}, Petar and Cucurull, Guillem and Casanova, Arantxa and Romero, Adriana and Lio, Pietro and Bengio, Yoshua},
  journal={arXiv preprint arXiv:1710.10903},
  year={2017}
}

@article{Malinin2018,
  title={Predictive uncertainty estimation via prior networks},
  author={Malinin, Andrey and Gales, Mark},
  journal={arXiv preprint arXiv:1802.10501},
  year={2018}
}

@article{Dawid1982,
    author = {Dawid, A. P.},
    number = {379},
    pages = {605--610},
    title = {{The Well-Calibrated Bayesian}},
    volume = {77},
    year = {1982}
}

@inproceedings{Zhu2003,
  title={Semi-supervised learning using gaussian fields and harmonic functions},
  author={Zhu, Xiaojin and Ghahramani, Zoubin and Lafferty, John D},
  booktitle={International Conference on Machine Learning},
  pages={912--919},
  year={2003}
}

@inproceedings{Monti2017,
  title={Geometric deep learning on graphs and manifolds using mixture model cnns},
  author={Monti, Federico and Boscaini, Davide and Masci, Jonathan and Rodola, Emanuele and Svoboda, Jan and Bronstein, Michael M},
  booktitle={Computer Vision and Pattern Recognition},
  pages={5115--5124},
  year={2017}
}

@inproceedings{Postels2019,
  title={Sampling-free epistemic uncertainty estimation using approximated variance propagation},
  author={Postels, Janis and Ferroni, Francesco and Coskun, Huseyin and Navab, Nassir and Tombari, Federico},
  booktitle={Proceedings of the IEEE/CVF International Conference on Computer Vision},
  pages={2931--2940},
  year={2019}
}

@article{Tabacof2019,
  title={Probability calibration for knowledge graph embedding models},
  author={Tabacof, Pedro and Costabello, Luca},
  journal={arXiv preprint arXiv:1912.10000},
  year={2019}
}

@article{Ha2016,
  title={Hypernetworks},
  author={Ha, David and Dai, Andrew and Le, Quoc V},
  journal={arXiv preprint arXiv:1609.09106},
  year={2016}
}

@inproceedings{Jia2020,
    author = {Jia, Junteng and Benson, Austion R},
    booktitle = {Proceedings of the 26th ACM SIGKDD International Conference on Knowledge Discovery {\&} Data Mining},
    keywords = {gnn,residual correlation},
    pages = {588--598},
    title = {{Residual correlation in graph neural network regression}},
    year = {2020}
}

@inproceedings{Joachims2003,
  title={Transductive learning via spectral graph partitioning},
  author={Joachims, Thorsten},
  booktitle={International Conference on Machine Learning},
  pages={290--297},
  year={2003}
}


@inproceedings{Blundell2015,
  title={Weight uncertainty in neural network},
  author={Blundell, Charles and Cornebise, Julien and Kavukcuoglu, Koray and Wierstra, Daan},
  booktitle={International Conference on Machine Learning},
  year={2015}
}

@article{Geisler2020,
  title={Reliable Graph Neural Networks via Robust Aggregation},
  author={Geisler, Simon and Z{\"u}gner, Daniel and G{\"u}nnemann, Stephan},
  journal={Advances in Neural Information Processing Systems},
  year={2020}
}

@inproceedings{Namata2012,
    author = {Namata, Galileo and London, Ben and Getoor, Lise and Huang, Bert and EDU, U M D},
    booktitle = {10th International Workshop on Mining and Learning with Graphs},
    keywords = {dataset,node classification,pubmed},
    title = {{Query-driven active surveying for collective classification}},
    year = {2012}
}

@article{Goodfellow2014a,
  title={Explaining and harnessing adversarial examples},
  author={Goodfellow, Ian J and Shlens, Jonathon and Szegedy, Christian},
  journal={arXiv preprint arXiv:1412.6572},
  year={2014}
}

@article{Hendrycks2016,
  title={A baseline for detecting misclassified and out-of-distribution examples in neural networks},
  author={Hendrycks, Dan and Gimpel, Kevin},
  journal={arXiv preprint arXiv:1610.02136},
  year={2016}
}

@article{Charpentier2020,
    author = {Charpentier, Bertrand and Z{\"{u}}gner, Daniel and G{\"{u}}nnemann, Stephan},
    journal = {Advances in Neural Information Processing Systems},
    keywords = {postnet,reference,uncertainty},
    title = {{Posterior network: Uncertainty estimation without ood samples via density-based pseudo-counts}},
    year = {2020}
}

@article{Such2017,
  title={Robust spatial filtering with graph convolutional neural networks},
  author={Such, Felipe Petroski and Sah, Shagan and Dominguez, Miguel Alexander and Pillai, Suhas and Zhang, Chao and Michael, Andrew and Cahill, Nathan D and Ptucha, Raymond},
  journal={IEEE Journal of Selected Topics in Signal Processing},
  volume={11},
  number={6},
  pages={884--896},
  year={2017},
  publisher={IEEE}
}

@article{Kingma2015,
  title={Variational dropout and the local reparameterization trick},
  author={Kingma, Diederik P and Salimans, Tim and Welling, Max},
  journal={arXiv preprint arXiv:1506.02557},
  year={2015}
}

@article{Waniek2018,
  title={Hiding individuals and communities in a social network},
  author={Waniek, Marcin and Michalak, Tomasz P and Wooldridge, Michael J and Rahwan, Talal},
  journal={Nature Human Behaviour},
  year={2018},
  publisher={Nature Publishing Group}
}

@article{Kobyzev2020,
  title={Normalizing flows: An introduction and review of current methods},
  author={Kobyzev, Ivan and Prince, Simon and Brubaker, Marcus},
  journal={IEEE Transactions on Pattern Analysis and Machine Intelligence},
  year={2020},
  publisher={IEEE}
}

@article{Klicpera2018,
  title={Predict then propagate: Graph neural networks meet personalized pagerank},
  author={Klicpera, Johannes and Bojchevski, Aleksandar and G{\"u}nnemann, Stephan},
  journal={arXiv preprint arXiv:1810.05997},
  keywords = {appnp,graphs,reference},
  year={2018}
}

@inproceedings{You2019,
    author = {You, Jiaxuan and Ying, Rex and Leskovec, Jure},
    booktitle = {International Conference on Machine Learning},
    keywords = {network,position-aware gnn},
    title = {{Position-aware graph neural networks}},
    year = {2019}
}

@inproceedings{Depeweg2018,
  title={Decomposition of uncertainty in Bayesian deep learning for efficient and risk-sensitive learning},
  author={Depeweg, Stefan and Hernandez-Lobato, Jose-Miguel and Doshi-Velez, Finale and Udluft, Steffen},
  booktitle={International Conference on Machine Learning},
  year={2018},
}

@article{Li2015,
    author = {Li, Yujia and Tarlow, Daniel and Brockschmidt, Marc and Zemel, Richard},
    journal = {arXiv preprint arXiv:1511.05493},
    keywords = {gated gnn},
    title = {{Gated graph sequence neural networks}},
    year = {2015}
}

@article{Ruff2020,
    author = {Ruff, Lukas and Kauffmann, Jacob R and Vandermeulen, Robert A and Montavon, Gr{\'{e}}goire and Samek, Wojciech and Kloft, Marius and Dietterich, Thomas G and M{\"{u}}ller, Klaus-Robert},
    journal = {arXiv preprint arXiv:2009.11732},
    keywords = {anomaly detection,basics,ood,overview,review,todo},
    title = {{A unifying review of deep and shallow anomaly detection}},
    year = {2020}
}

@article{Tack2020,
  title={Csi: Novelty detection via contrastive learning on distributionally shifted instances},
  author={Tack, Jihoon and Mo, Sangwoo and Jeong, Jongheon and Shin, Jinwoo},
  journal={arXiv preprint arXiv:2007.08176},
  year={2020}
}

@inproceedings{Zugner2018,
  title={Adversarial Attacks on Graph Neural Networks via Meta Learning},
  author={Z{\"u}gner, Daniel and G{\"u}nnemann, Stephan},
  booktitle={International Conference on Learning Representations},
  year={2018}
}

@article{Xu2018,
    author = {Xu, Keyulu and Hu, Weihua and Leskovec, Jure and Jegelka, Stefanie},
    journal = {arXiv preprint arXiv:1810.00826},
    keywords = {GIN,todo},
    title = {{How powerful are graph neural networks?}},
    year = {2018}
}

@article{Ying2019,
    author = {Ying, Rex and Bourgeois, Dylan and You, Jiaxuan and Zitnik, Marinka and Leskovec, Jure},
    journal = {Advances in Neural Information Processing Systems},
    keywords = {gnn-explainer,graphs},
    pages = {9240},
    publisher = {NIH Public Access},
    title = {{Gnnexplainer: Generating explanations for graph neural networks}},
    volume = {32},
    year = {2019}
}

@article{Dinh2016,
    author = {Dinh, Laurent and Sohl-Dickstein, Jascha and Bengio, Samy},
    journal = {arXiv preprint arXiv:1605.08803},
    keywords = {coupling,density estimation,normalizing flow},
    title = {{Density estimation using real nvp}},
    year = {2016}
}

@article{Hensman2013,
  title={Gaussian processes for big data},
  author={Hensman, James and Fusi, Nicolo and Lawrence, Neil D},
  journal={arXiv preprint arXiv:1309.6835},
  year={2013}
}

@article{Kingma2018,
    author = {Kingma, Diederik P and Dhariwal, Prafulla},
    journal = {arXiv preprint arXiv:1807.03039},
    keywords = {density estimation,glow,invertible convolutions},
    title = {{Glow: Generative flow with invertible 1x1 convolutions}},
    year = {2018}
}

@article{Kendall2017,
    author = {Kendall, Alex and Gal, Yarin},
    journal = {arXiv preprint arXiv:1703.04977},
    keywords = {model uncertainty,type of uncertainty,uncertainty},
    title = {{What uncertainties do we need in bayesian deep learning for computer vision?}},
    year = {2017}
}

@article{Malinin2019b,
    author = {Malinin, Andrey and Gales, Mark},
    journal = {arXiv preprint arXiv:1905.13472},
    keywords = {priornet,reverse-kl,uncertainty},
    title = {{Reverse kl-divergence training of prior networks: Improved uncertainty and adversarial robustness}},
    year = {2019}
}

@article{Peel2017,
  title={Graph-based semi-supervised learning for relational networks},
  author={Peel, Leto},
  booktitle={Proceedings of the 2017 SIAM International Conference on Data Mining},
  pages={435--443},
  year={2017},
  organization={SIAM}
}

@article{Abdar2020,
  title={A review of uncertainty quantification in deep learning: Techniques, applications and challenges},
  author={Abdar, Moloud and Pourpanah, Farhad and Hussain, Sadiq and Rezazadegan, Dana and Liu, Li and Ghavamzadeh, Mohammad and Fieguth, Paul and Khosravi, Abbas and Acharya, U Rajendra and Makarenkov, Vladimir and others},
  journal={arXiv preprint arXiv:2011.06225},
  year={2020}
}

@article{Zhang2019,
    author = {Zhang, Yao and Others},
    journal = {Chemical science},
    keywords = {active learning,bayesian,graphs,uncertainty},
    publisher = {Royal Society of Chemistry},
    title = {{Bayesian semi-supervised learning for uncertainty-calibrated prediction of molecular properties and active learning}},
    year = {2019}
}

@article{Srivastava2014,
  title={Dropout: a simple way to prevent neural networks from overfitting},
  author={Srivastava, Nitish and Hinton, Geoffrey and Krizhevsky, Alex and Sutskever, Ilya and Salakhutdinov, Ruslan},
  journal={The journal of machine learning research},
  year={2014},
  publisher={JMLR. org}
}

@article{Foong2019,
  title={On the expressiveness of approximate inference in bayesian neural networks},
  author={Foong, Andrew YK and Burt, David R and Li, Yingzhen and Turner, Richard E},
  journal={arXiv preprint arXiv:1909.00719},
  year={2019}
}


@inproceedings{Graves2011,
  title={Practical variational inference for neural networks},
  author={Graves, Alex},
  booktitle={Advances in Neural Information Processing Systems},
  year={2011},
  organization={Citeseer}
}

@inproceedings{Teimury2019,
  title={Estimation of time-series on graphs using Bayesian graph convolutional neural networks},
  author={Teimury, Fatemeh and Pal, Soumyasundar and Amini, Arezou and Coates, Mark},
  booktitle={Wavelets and Sparsity XVIII},
  year={2019},
  organization={International Society for Optics and Photonics}
}

@inproceedings{Dallachiesa2014,
  title={Node classification in uncertain graphs},
  author={Dallachiesa, Michele and Aggarwal, Charu and Palpanas, Themis},
  booktitle={Proceedings of the 26th international conference on scientific and statistical database management},
  pages={1--4},
  year={2014}
}

@inproceedings{Hu2017,
  title={On embedding uncertain graphs},
  author={Hu, Jiafeng and Cheng, Reynold and Huang, Zhipeng and Fang, Yixang and Luo, Siqiang},
  booktitle={Information and Knowledge Management},
  year={2017}
}

@article{Rong2019,
  title={DropEdge: Towards deep graph convolutional networks on node classification},
  author={Rong, Yu and Huang, Wenbing and Xu, Tingyang and Huang, Junzhou},
  journal={arXiv preprint arXiv:1907.10903},
  year={2019}
}

@article{Pal2019a,
  title={Bayesian graph convolutional neural networks using node copying},
  author={Pal, Soumyasundar and Regol, Florence and Coates, Mark},
  journal={arXiv preprint arXiv:1911.04965},
  year={2019}
}

@article{Pal2019b,
  title={Bayesian graph convolutional neural networks using non-parametric graph learning},
  author={Pal, Soumyasundar and Regol, Florence and Coates, Mark},
  journal={arXiv preprint arXiv:1910.12132},
  keywords = {bayesian,gcn,graphs,uncertainty},
  year={2019}
}

@inproceedings{Sun2020,
  title={A framework for recommending accurate and diverse items using bayesian graph convolutional neural networks},
  author={Sun, Jianing and Guo, Wei and Zhang, Dengcheng and Zhang, Yingxue and Regol, Florence and Hu, Yaochen and Guo, Huifeng and Tang, Ruiming and Yuan, Han and He, Xiuqiang and others},
  booktitle={Proceedings of the 26th ACM SIGKDD International Conference on Knowledge Discovery \& Data Mining},
  pages={2030--2039},
  year={2020}
}

@misc{NatPN2021,
      title={Natural Posterior Network: Deep Bayesian Predictive Uncertainty for Exponential Family Distributions}, 
      author={Bertrand Charpentier and Oliver Borchert and Daniel Zügner and Simon Geisler and Stephan Günnemann},
      year={2021},
      journal={arXiv preprint arXiv:2105.04471},
      primaryClass={cs.LG}
}

@inproceedings{Naeini2015,
  title={Obtaining well calibrated probabilities using bayesian binning},
  author={Naeini, Mahdi Pakdaman and Cooper, Gregory and Hauskrecht, Milos},
  booktitle={AAAI Conference on Artificial Intelligence},
  volume={29},
  year={2015}
}

@article{Brier1950,
  title={Verification of forecasts expressed in terms of probability},
  author={Brier, Glenn W},
  journal={Monthly weather review},
  year={1950}
}

@article{Kirichenko2020,
  title={Why normalizing flows fail to detect out-of-distribution data},
  author={Kirichenko, Polina and Izmailov, Pavel and Wilson, Andrew Gordon},
  journal={arXiv preprint arXiv:2006.08545},
  year={2020}
}

@inproceedings{understanding-nn-relu,
    title={Understanding Deep Neural Networks with Rectified Linear Units},
    author={Raman Arora and Amitabh Basu and Poorya Mianjy and Anirbit Mukherjee},
    booktitle={International Conference on Learning Representations},
    year={2018}
}

@inproceedings{provable-uncertainty,
    title={Towards Neural Networks that Provably Know When They Don't Know},
    author={Alexander Meinke and Matthias Hein},
    booktitle={International Conference on Learning Representations},
    year={2020}
}

@inproceedings{evidential-regression,
    title={Deep Evidential Regression},
    author={Amini, Alexander and Schwarting, Wilko and Soleimany, Ava and Rus, Daniela},
    booktitle={Advances in Neural Information Processing Systems},
    year={2020}
}


@article{robustness-uncertainty-dirichlet,
  author    = {Anna{-}Kathrin Kopetzki and
               Bertrand Charpentier and
               Daniel Z{\"{u}}gner and
               Sandhya Giri and
               Stephan G{\"{u}}nnemann},
  title     = {Evaluating Robustness of Predictive Uncertainty Estimation: Are Dirichlet-based
               Models Reliable?},
  journal   = {Computing Research Repository},
  year      = {2020}
}

@inproceedings{uncertainty-distance-awareness,
    title={Simple and Principled Uncertainty Estimation with Deterministic Deep Learning via Distance Awareness},
    author={Balaji Lakshminarayanan and Dustin Tran and Jeremiah Liu and Shreyas Padhy and Tania Bedrax-Weiss and Zi Lin},
    year={2020},
    booktitle={Advances in Neural Information Processing Systems}
}

@misc{duq,
      title={Uncertainty Estimation Using a Single Deep Deterministic Neural Network}, 
      author={Joost van Amersfoort and Lewis Smith and Yee Whye Teh and Yarin Gal},
      year={2020},
      eprint={2003.02037},
      archivePrefix={arXiv},
      primaryClass={cs.LG}
}

@misc{bayesian-a-bit,
      title={Being Bayesian, Even Just a Bit, Fixes Overconfidence in ReLU Networks}, 
      author={Agustinus Kristiadi and Matthias Hein and Philipp Hennig},
      year={2020},
      journal={International Conference on Machine Learning}
}

@misc{sufficient-conditions-no-adversarial,
      title={Sufficient Conditions for Idealised Models to Have No Adversarial Examples: a Theoretical and Empirical Study with Bayesian Neural Networks}, 
      author={Yarin Gal and Lewis Smith},
      year={2018},
      archivePrefix={arXiv}
}

@InProceedings{confidence-calibrated-adversarial,
  title = 	 {Confidence-Calibrated Adversarial Training: Generalizing to Unseen Attacks},
  author =       {Stutz, David and Hein, Matthias and Schiele, Bernt},
  booktitle = 	 {International Conference on Machine Learning},
  year = 	 {2020},
  editor = 	 {Hal Daumé III and Aarti Singh},
  series = 	 {Proceedings of Machine Learning Research},
}

@inproceedings{mimo-independent-subnetworks,
title={Training independent subnetworks for robust prediction},
author={Marton Havasi and Rodolphe Jenatton and Stanislav Fort and Jeremiah Zhe Liu and Jasper Snoek and Balaji Lakshminarayanan and Andrew Mingbo Dai and Dustin Tran},
booktitle={International Conference on Learning Representations},
year={2021}
}

@inproceedings{batch-ensembles,
    title={BatchEnsemble: an Alternative Approach to Efficient Ensemble and Lifelong Learning},
    author={Yeming Wen and Dustin Tran and Jimmy Ba},
    booktitle={International Conference on Learning Representations},
    year={2020}
}

@article{hyper-ensembles,
    title={Hyperparameter Ensembles for Robustness and Uncertainty Quantification},
    author={Wenzel, Florian and Snoek, Jasper and Tran, Dustin and Jenatton, Rodolphe},
    journal={Advances in Neural Information Processing Systems},
    year={2020}
}

@inproceedings{simple-baseline-uncertainty,
    title={A Simple Baseline for Bayesian Uncertainty in Deep Learning},
    author={Maddox, Wesley J and Izmailov, Pavel and Garipov, Timur and Vetrov, Dmitry P and Wilson, Andrew Gordon},
    booktitle={Advances in Neural Information Processing Systems},
    year={2019},
}

@inproceedings{liberty-depth-bnn,
 author = {Farquhar, Sebastian and Smith, Lewis and Gal, Yarin},
 booktitle = {Advances in Neural Information Processing Systems},
 title = {Liberty or Depth: Deep Bayesian Neural Nets Do Not Need Complex Weight Posterior Approximations},
 year = {2020}
}

@inproceedings{rank-1-bnn,
 author = {Michael W. Dusenberry and Ghassen Jerfel and Yeming Wen and Yi-An Ma and Jasper Snoek and Katherine Heller and Balaji Lakshminarayanan and Dustin Tran},
 booktitle = {International Conference on Machine Learning},
 title = {Efficient and Scalable Bayesian Neural Nets with Rank-1 Factors},
 year = {2020}
}

@inproceedings{gp-uncertainty-activation,
    title={Activation-level uncertainty in deep neural networks},
    author={Pablo Morales-Alvarez and Daniel Hern{\'a}ndez-Lobato and Rafael Molina and Jos{\'e} Miguel Hern{\'a}ndez-Lobato},
    booktitle={International Conference on Learning Representations},
    year={2021}
}

@misc{uncertainty-material-prediction,
      title={Methods for comparing uncertainty quantifications for material property predictions}, 
      author={Kevin Tran and Willie Neiswanger and Junwoong Yoon and Qingyang Zhang and Eric Xing and Zachary W. Ulissi},
      year={2020},
      eprint={1912.10066},
      archivePrefix={arXiv},
      primaryClass={cond-mat.mtrl-sci}
}

@misc{uncertainty-nn-molecules,
      title={Uncertainty Quantification Using Neural Networks for Molecular Property Prediction}, 
      author={Lior Hirschfeld and Kyle Swanson and Kevin Yang and Regina Barzilay and Connor W. Coley},
      year={2020},
      eprint={2005.10036},
      archivePrefix={arXiv},
      primaryClass={cs.LG}
}

@article{network-homophily,
author = {McPherson, Miller and Smith-Lovin, Lynn and Cook, James M},
title = {Birds of a Feather: Homophily in Social Networks},
journal = {Annual Review of Sociology},
volume = {27},
number = {1},
pages = {415-444},
year = {2001}
}

@inproceedings{uncertainty-continual-learning,
 author = {Ahn, Hongjoon and Cha, Sungmin and Lee, Donggyu and Moon, Taesup},
 booktitle = {Advances in Neural Information Processing Systems},
 editor = {H. Wallach and H. Larochelle and A. Beygelzimer and F. d\textquotesingle Alch\'{e}-Buc and E. Fox and R. Garnett},
 pages = {},
 title = {Uncertainty-based Continual Learning with Adaptive Regularization},
 year = {2019}
}

@misc{uncertainty-meta-learning,
      title={Uncertainty in Model-Agnostic Meta-Learning using Variational Inference}, 
      author={Cuong Nguyen and Thanh-Toan Do and Gustavo Carneiro},
      year={2019},
      eprint={1907.11864},
      archivePrefix={arXiv},
      primaryClass={cs.LG}
}

@misc{bayesian-meta-learning,
      title={Learning to Balance: Bayesian Meta-Learning for Imbalanced and Out-of-distribution Tasks}, 
      author={Hae Beom Lee and Hayeon Lee and Donghyun Na and Saehoon Kim and Minseop Park and Eunho Yang and Sung Ju Hwang},
      year={2020},
      eprint={1905.12917},
      archivePrefix={arXiv},
      primaryClass={cs.LG}
}

@misc{uncertainty-rl,
      title={Estimating Risk and Uncertainty in Deep Reinforcement Learning}, 
      author={William R. Clements and Bastien Van Delft and Benoît-Marie Robaglia and Reda Bahi Slaoui and Sébastien Toth},
      year={2019},
      eprint={1905.09638},
      archivePrefix={arXiv},
      primaryClass={cs.LG}
}

@misc{interpretable-ml,
    title={Interpretable Machine Learning},
    author={Molnar, Christoph},
    year={2020},
    url={https://christophm.github.io/interpretable-ml-book/}
}

@inproceedings{heterophily-gnn,
  author    = {Jiong Zhu and
               Yujun Yan and
               Lingxiao Zhao and
               Mark Heimann and
               Leman Akoglu and
               Danai Koutra},
  editor    = {Hugo Larochelle and
               Marc'Aurelio Ranzato and
               Raia Hadsell and
               Maria{-}Florina Balcan and
               Hsuan{-}Tien Lin},
  title     = {Beyond Homophily in Graph Neural Networks: Current Limitations and
               Effective Designs},
  booktitle = {Advances in Neural Information Processing Systems},
  year      = {2020}
}

@article{density-states-ood,
    author={Morningstar, Warren R. and Ham, Cusuh and Gallagher, Andrew G. and Lakshminarayanan, Balaji and Alemi, Alexander A. and Dillon, Joshua V.},
    title={Density of States Estimation for Out-of-Distribution Detection},
    journal={arXiv preprint arXiv:2006.09273},
    year={2020},
}

@article{contrastive-ood,
    author={Winkens, Jim and Bunel, Rudy and Guha Roy, Abhijit and Stanforth, Robert and Natarajan, Vivek and Ledsam, Joseph R. and MacWilliams, Patricia and Kohli, Pushmeet and Karthikesalingam, Alan and Kohl, Simon and Cemgil, Taylan and Eslami, S.~M. Ali and Ronneberger, Olaf},
    title={Contrastive Training for Improved Out-of-Distribution Detection},
    journal={arXiv preprint arXiv:2007.05566},
    year={2020},
}

@article{typicality_OOD_generative,
    title={Detecting Out-of-Distribution Inputs to Deep Generative Models Using Typicality},
    author={Eric Nalisnick and Akihiro Matsukawa and Yee Whye Teh and Balaji Lakshminarayanan},
    journal={arXiv preprint arXiv:1906.02994},
    year={2020},
}

@article{perfect-density-no-ood-guarantee,
    author={Charline Le Lan and Laurent Dinh},
    title={Perfect density models cannot guarantee anomaly detection},
    journal={arXiv preprint arXiv:2012.03808},
    year={2020},
}

@article{deep-generative,
    title={Do Deep Generative Models Know What They Don't Know?},
    author={Nalisnick, Eric and Matsukawa, Akihiro and Teh, Yee Whye and Gorur, Dilan and Lakshminarayanan, Balaji},
    journal={International Conference on Learning Representations},
    year={2019}
}

@inproceedings{anomaly-detection,
    title={Generative Ensembles for Robust Anomaly Detection},
    author={Choi, Hyunsun and Jang, Eric and Alemi, Alexander A},
    booktitle={International Conference on Learning Representations},
    year={2019}
}

@article{ogb-dataset,
  title={Open graph benchmark: Datasets for machine learning on graphs},
  author={Hu, Weihua and Fey, Matthias and Zitnik, Marinka and Dong, Yuxiao and Ren, Hongyu and Liu, Bowen and Catasta, Michele and Leskovec, Jure},
  journal={arXiv preprint arXiv:2005.00687},
  year={2020}
}

@article{microsoft-academic-graph,
  title={Microsoft academic graph: When experts are not enough},
  author={Wang, Kuansan and Shen, Zhihong and Huang, Chiyuan and Wu, Chieh-Han and Dong, Yuxiao and Kanakia, Anshul},
  journal={Quantitative Science Studies},
  year={2020},
  publisher={MIT Press}
}

@article{overconfident-relu,
  title={Why ReLU networks yield high-confidence predictions far away from the training data and how to mitigate the problem},
  author={Hein, Matthias and Andriushchenko, Maksym and Bitterwolf, Julian},
  year={2019},
  journal={Computer Vision and Pattern Recognition}
}

@incollection{pytorch,
    title = {PyTorch: An Imperative Style, High-Performance Deep Learning Library},
    author = {Paszke, Adam and Gross, Sam and Massa, Francisco and Lerer, Adam and Bradbury, James and Chanan, Gregory and Killeen, Trevor and Lin, Zeming and Gimelshein, Natalia and Antiga, Luca and Desmaison, Alban and Kopf, Andreas and Yang, Edward and DeVito, Zachary and Raison, Martin and Tejani, Alykhan and Chilamkurthy, Sasank and Steiner, Benoit and Fang, Lu and Bai, Junjie and Chintala, Soumith},
    booktitle = {Advances in Neural Information Processing Systems},
    editor = {H. Wallach and H. Larochelle and A. Beygelzimer and F. d\textquotesingle Alch\'{e}-Buc and E. Fox and R. Garnett},
    year = {2019},
}


@inproceedings{pytorch-geometric,
  title={Fast Graph Representation Learning with {PyTorch Geometric}},
  author={Fey, Matthias and Lenssen, Jan E.},
  booktitle={ICLR Workshop on Representation Learning on Graphs and Manifolds},
  year={2019},
}


@article{attack-detection,
  author    = {Nicholas Carlini and
               David A. Wagner},
  title     = {Adversarial Examples Are Not Easily Detected: Bypassing Ten Detection
               Methods},
  journal   = {Computing Research Repository},
  year      = {2017}
}

@misc{tensorflow,
title={ {TensorFlow}: Large-Scale Machine Learning on Heterogeneous Systems},
author={
    Mart\'{\i}n~Abadi and
    Ashish~Agarwal and
    Paul~Barham and
    Eugene~Brevdo and
    Zhifeng~Chen and
    Craig~Citro and
    Greg~S.~Corrado and
    Andy~Davis and
    Jeffrey~Dean and
    Matthieu~Devin and
    Sanjay~Ghemawat and
    Ian~Goodfellow and
    Andrew~Harp and
    Geoffrey~Irving and
    Michael~Isard and
    Yangqing Jia and
    Rafal~Jozefowicz and
    Lukasz~Kaiser and
    Manjunath~Kudlur and
    Josh~Levenberg and
    Dandelion~Man\'{e} and
    Rajat~Monga and
    Sherry~Moore and
    Derek~Murray and
    Chris~Olah and
    Mike~Schuster and
    Jonathon~Shlens and
    Benoit~Steiner and
    Ilya~Sutskever and
    Kunal~Talwar and
    Paul~Tucker and
    Vincent~Vanhoucke and
    Vijay~Vasudevan and
    Fernanda~Vi\'{e}gas and
    Oriol~Vinyals and
    Pete~Warden and
    Martin~Wattenberg and
    Martin~Wicke and
    Yuan~Yu and
    Xiaoqiang~Zheng},
  year={2015},
}

@article{trustworthy-ai,
  title={The assessment list for trustworthy artificial intelligence (ALTAI) for self assessment},
  journal   = {European Commission},
  year      = {2020}
}

@InProceedings{graph-transduction-confidence,
author="Orbach, Matan
and Crammer, Koby",
editor="Flach, Peter A.
and De Bie, Tijl
and Cristianini, Nello",
title="Graph-Based Transduction with Confidence",
booktitle="Machine Learning and Knowledge Discovery in Databases",
year="2012",
}

@article{postels2021hidden,
  title={The Hidden Uncertainty in a Neural Networks Activations},
  author={Janis Postels and Hermann Blum and Yannick Strümpler and Cesar Cadena and Roland Siegwart and Luc Van Gool and Federico Tombari},
  journal={arXiv preprint arXiv:2012.03082},
  year={2021}
}

@incollection{GNNBook-ch8-gunnemann,
author = {Günnemann, Stephan},
title = {Graph Neural Networks: Adversarial Robustness},
editor = {Wu, Lingfei and Cui, Peng and Pei, Jian and Zhao, Liang},
booktitle = {Graph Neural Networks: Foundations, Frontiers, and Applications},
publisher = {Springer},
address = {Singapore},
year = {2021},
pages = {149-176},
chapter = {8},
}

@inproceedings{zugner2018adversarial,
  title={Adversarial Attacks on Neural Networks for Graph Data},
  author={Z{\"u}gner, Daniel and Akbarnejad, Amir and G{\"u}nnemann, Stephan},
  booktitle={SIGKDD},
  year={2018},
}

@inproceedings{zugner2019adversarial,
	title = {Adversarial Attacks on Graph Neural Networks via Meta Learning},
	author={Z{\"u}gner, Daniel and G{\"u}nnemann, Stephan},
	booktitle={ICLR},
	year = {2019}
}