%%%%%%%%%%%%%%%%%%%%%%%%%%%%%%%%%%%%%%%%%%%%%%%%%%%%%%%%%%%%%%%%%%%%%%%%%%%%%%%%%%%%%%%%%%%%%%%%%
%% Literature: Uncertainty & Robustness
%%%%%%%%%%%%%%%%%%%%%%%%%%%%%%%%%%%%%%%%%%%%%%%%%%%%%%%%%%%%%%%%%%%%%%%%%%%%%%%%%%%%%%%%%%%%%%%%%

%%%%%%%%%%%%%%%%
%% uncertainty
%%%%%%%%%%%%%%%%

@article{malini2018,
	title = {Predictive Uncertainty Estimation via Prior Networks},
	author = {Andrey Malinin and Mark Gales},
	year = {2018},
	journal = {Neural Information Processing Systems},
}


@article{malinin2019,
	title={Reverse KL-Divergence Training of Prior Networks: Improved Uncertainty and Adversarial Robustness},
	author={Andrey Malinin and Mark Gales},
	year={2019},
	journal={Neural Information Processing Systems},
}



@article{malinin2018_adetect,
      title={Prior Networks for Detection of Adversarial Attacks}, 
      author={Andrey Malinin and Mark Gales},
      year={2018},
      journal={arXiv:1812.02575 [stat.ML]},
}


@article{charpentier2020,
	title={Posterior Network: Uncertainty Estimation without OOD Samples via Density-Based Pseudo-Counts},
	author={Bertrand Charpentier and Daniel Z\"ugner and Stephan G\"unnemann},
	year={2020},
	journal={Neural Information Processing Systems},
}

@article{sensoy2018,
	title={Evidential deep learning to quantify classification uncertainty},
	author={Murat Sensoy and Lance Kaplan and Melih Kandemir},
	year={2018},
	journal={Neural Information Processing Systems},
}

@article{malinin2019ensemble,
	title={Ensemble Distribution Distillation},
	author={Andrey Malinin and Bruno Mlodozeniec and Mark Gales},
	year={2019},
	journal={International Conference on Learning Representations},
}

@article{uncertainty_time,
    title = {Uncertainty on Asynchronous Time Event Prediction},
    author = {Bilo\v{s}, Marin and Charpentier, Bertrand and G\"{u}nnemann, Stephan},
    year = {2019},
    journal = {Neural Information Processing Systems},
}

%%%%%%%%%%%%%%%%
%% other uncertainty approaches
%%%%%%%%%%%%%%%%

@article{blundell2015,
	title={Weight uncertainty in neural networks},
	author={Charles Blundell and Julien Cornebise and Koray Kavukcuoglu and Daan Wierstra},
	year={2015},
	journal={International Conference on Machine Learning},
}



@article{wesley2019,
	title={A Simple Baseline for Bayesian Uncertainty in Deep Learning},
	author={Wesley J. Maddox and Pavel Izmailov and Timur Garipov and Dmitry P. Vetrov and Andrew Gordon Wilson},
	year={2019},
	journal={Neural Information Processing Systems},
}



@article{osawa2019,
	title={Practical deep learning with bayesian principles},
	author={Kazuki Osawa and Siddharth Swaroop and Mohammad Emtiyaz E. Khan and Anirudh Jain and Runa Eschenhagen and Richard E. Turner and Rio Yokota},
	year={2019},
	journal={Neural Information Processing Systems},
}



@article{snoek2019,
	title={Can You Trust Your Model's Uncertainty? Evaluating Predictive Uncertainty Under Dataset Shift},
    author={Yaniv Ovadia and Emily Fertig and Jie Ren and Zachary Nado and D Sculley and Sebastian Nowozin and Joshua V. Dillon and Balaji Lakshminarayanan and Jasper Snoek},	
    year={2019},
	journal={Neural Information Processing Systems},
}



@article{ensemble_simple,
    title = {Simple and Scalable Predictive Uncertainty Estimation using Deep Ensembles},
    author = {Lakshminarayanan, Balaji and Pritzel, Alexander and Blundell, Charles},
    journal = {Neural Information Processing Systems},
    year = {2017},
}


@article{drop_out,
  title = 	 {Dropout as a Bayesian Approximation: Representing Model Uncertainty in Deep Learning},
  author = 	 {Yarin Gal and Zoubin Ghahramani},
  year = 	 {2016},
  journal = {International Conference on Machine Learning},
}






@article{thulasidasan2019,
    author = {Thulasidasan, Sunil and Chennupati, Gopinath and Bilmes, Jeff and Bhattacharya, Tanmoy and Michalak, Sarah},
    year = {2019},
    journal = {Neural Information Processing Systems},
    title = {On Mixup Training: Improved Calibration and Predictive Uncertainty for Deep Neural Networks}
}

@article{zhang2017,
    title={mixup: Beyond Empirical Risk Minimization},
    author={Hongyi Zhang and Moustapha Cisse and Yann N. Dauphin and David Lopez-Paz},
    year={2018},
    journal={International Conference on Learning Representations},
}

@article{cisse2017,
  author={Moustapha Cisse and Piotr Bojanowski and Edouard Grave and Yann Dauphin and Nicolas Usunier},
  title={Parseval Networks: Improving Robustness to Adversarial Examples},
  year={2017},
  journal={International Conference on Machine Learning},
}

@article{gu2015,
  title={Towards Deep Neural Network Architectures Robust to Adversarial Examples},
  author={Shixiang Gu and Luca Rigazio},
  journal={International Conference on Learning Representations},
  year={2015}
}

@article{cheng2020, 
    title={Seq2Sick: Evaluating the Robustness of Sequence-to-Sequence Models with Adversarial Examples},
    journal={AAAI Conference on Artificial Intelligence}, 
    author={Cheng, Minhao and Yi, Jinfeng and Chen, Pin-Yu and Zhang, Huan and Hsieh, Cho-Jui}, 
    year={2020
    }}

@article{smith2018,
    title={Understanding Measures of Uncertainty for Adversarial Example Detection},
    author={Lewis Smith and Yarin Gal},
    year={2018},
    journal={Uncertainty in Artificial Intelligence},
}




@article{qin2020,
    title={Improving Uncertainty Estimates through the Relationship with Adversarial Robustness},
    author={Yao Qin and Xuezhi Wang and Alex Beutel and Ed H. Chi},
    year={2020},
    journal={arXiv:2006.16375 [cs.LG]},
}

%%%%%%%%%%%%%%%%
%% robustness
%%%%%%%%%%%%%%%%

% adversarials
@article{szegedy2014,
	author = {Christian Szegedy and Wojciech Zaremba and Ilya Sutskever and Joan Bruna and Dumitru Erhan and Ian Goodfellow and Rob Fergus},
	title = {Intriguing properties of neural networks},
	year = {2014},
	journal = {International Conference on Learning Representations},
}

% adversarials
@article{goodfellow2014,
  author = {Ian J. Goodfellow and Jonathon Shlens and Christian Szegedy},
  title = {Explaining and harnessing adversarial examples},
  year = {2015},
  journal = {International Conference on Learning Representations},
}


% pgd attack
@article{madry2018,
	title  = {Towards Deep Learning Models Resistant to Adversarial Attacks},
	author = {Aleksander Madry and Aleksandar Makelov and Ludwig Schmidt and Dimitris Tsipras and Adrian Vladu},
	year   = {2018},
	journal = {International Conference on Learning Representations},
}

@article{wieland2017,
	title  = {Decision-Based Adversarial Attacks: Reliable Attacks Against Black-Box Machine Learning Models},
	author = {Wieland Brendel and Jonas Rauber and Matthias Bethge},
	year   = {2017},
	journal = {International Conference on Learning Representations},
}

%mode_based_hierarchical
@article{cohen2019,
	title={Certified Adversarial Robustness via Randomized Smoothing},
	author={Jeremy M. Cohen and Elan Rosenfeld and J. Zico Kolter},
	year={2019},
	journal={International Conference on Machine Learning},
}

@article{stutz2020,
	title={Confidence-calibrated adversarial training: Generalizing to unseen attacks},
	author={David Stutz and Matthias Hein and Bernt Schiele},
	year={2020},
	journal={International Conference on Machine Learning},
}

@article{carlini2016,
	title={Towards Evaluating the Robustness of Neural Networks},
	author={Nicholas Carlini and David Wagner},
	year={2017},
	journal={Symposium on Security and Privacy}
}

@article{bypassing_attack_detection,
    author = {{Carlini}, Nicholas and {Wagner}, David},
    title = {Adversarial Examples Are Not Easily Detected: Bypassing Ten Detection Methods},
    journal = {ACM Workshop on Artificial Intelligence and Security},
    year = {2017},
}

@article{confidence_certificate_rs,
       author = {{Kumar}, Aounon and {Levine}, Alexander and {Feizi}, Soheil and {Goldstein}, Tom},
        title = {Certifying Confidence via Randomized Smoothing},
         year = {2020},
      journal = {Neural Information Processing Systems},
}

@ARTICLE{regularization_uncertainty_robustness,
       author = {{Chun}, Sanghyuk and {Oh}, Seong Joon and {Yun}, Sangdoo and
         {Han}, Dongyoon and {Choe}, Junsuk and {Yoo}, Youngjoon},
        title = {An Empirical Evaluation on Robustness and Uncertainty of Regularization Methods},
      journal = {International Conference on Machine Learning, Uncertainty and Robustness in Deep Learning Workshop},
         year = 2020,}

@article{clever_robustness,
  author = {Tsui-Wei Weng and Huan Zhang and Pin-Yu Chen and Jinfeng Yi and Dong Su and Yupeng Gao and Cho-Jui Hsieh and Luca Daniel},
  title = {Evaluating the Robustness of Neural Networks: An Extreme Value Theory Approach},
  journal = {International Conference on Learning Representations},
  year = {2018},
}

@article{simple_ood_adv_detection,
    title = {A Simple Unified Framework for Detecting Out-of-Distribution Samples and Adversarial Attacks},
    author = {Lee, Kimin and Lee, Kibok and Lee, Honglak and Shin, Jinwoo},
    journal = {Neural Information Processing Systems},
    year = {2018},
}

@article{single_model_quantile,
    title = {Single-Model Uncertainties for Deep Learning},
    author = {Tagasovska, Natasa and Lopez-Paz, David},
    journal = {Neural Information Processing Systems},
    year = {2019},
}

%%%%%%%%%%%%%%%%
%% datasets
%%%%%%%%%%%%%%%%

@article{uci_datasets,
    author = {Dua, Dheeru and Graff, Casey},
    year = {2017},
    title = {{UCI} Machine Learning Repository},
    journal = {University of California}, 
}

@article{mnist,
  author = {LeCun, Yann and Cortes, Corinna},
  title = {{MNIST} handwritten digit database},
  year = {2010},
  journal = {National Institute of Standards and Technology}
}

@article{fashionmnist,
  author       = {Han Xiao and Kashif Rasul and Roland Vollgraf},
  title        = {Fashion-MNIST: a Novel Image Dataset for Benchmarking Machine Learning Algorithms},
  year         = {2017},
  journal      = {Zalando SE},
}

@article{kmnist,
  author       = {Tarin Clanuwat and Mikel Bober-Irizar and Asanobu Kitamoto and Alex Lamb and Kazuaki Yamamoto and David Ha},
  title        = {Deep Learning for Classical Japanese Literature},
  year         = {2018},
  journal   = {Neural Information Processing Systems, Machine Learning for Creativity and Design Workshop},
}

@article{svhn,
    title	= {Reading Digits in Natural Images with Unsupervised Feature Learning},
    author	= {Yuval Netzer and Tao Wang and Adam Coates and Alessandro Bissacco and Bo Wu and Andrew Y. Ng},
    year	= {2011},
    journal	= {Neural Information Processing Systems, Deep Learning and Unsupervised Feature Learning Workshop}
}

@article{cifar10,
    title= {CIFAR-10},
    journal= {Canadian Institute for Advanced Research},
    author= {Alex Krizhevsky and Vinod Nair and Geoffrey Hinton},
    year= {2009},
}

@article{imbalance_apr,
    author = {Saito, Takaya AND Rehmsmeier, Marc},
    journal = {PLOS ONE},
    title = {The Precision-Recall Plot Is More Informative than the ROC Plot When Evaluating Binary Classifiers on Imbalanced Datasets},
    year = {2015},
}

@article{vgg,
  author    = {Karen Simonyan and Andrew Zisserman},
  title     = {Very Deep Convolutional Networks for Large-Scale Image Recognition},
  journal = {International Conference on Learning Representations},
  year      = {2015},
}

@article{pytorch,
    title = {PyTorch: An Imperative Style, High-Performance Deep Learning Library},
    author = {Paszke, Adam and Gross, Sam and Massa, Francisco and Lerer, Adam and Bradbury, James and Chanan, Gregory and Killeen, Trevor and Lin, Zeming and Gimelshein, Natalia and Antiga, Luca and Desmaison, Alban and Kopf, Andreas and Yang, Edward and DeVito, Zachary and Raison, Martin and Tejani, Alykhan and Chilamkurthy, Sasank and Steiner, Benoit and Fang, Lu and Bai, Junjie and Chintala, Soumith},
    journal = {Neural Information Processing Systems},
    year = {2019},
}

@article{apr_auroc,
    author = {Davis, Jesse and Goadrich, Mark},
    title = {The Relationship between Precision-Recall and ROC Curves},
    year = {2006},
    journal = {International Conference on Machine Learning},
}



@article{bitterwolf2020,
      title={Provable Worst Case Guarantees for the Detection of Out-of-Distribution Data}, 
      author={Julian Bitterwolf and Alexander Meinke and Matthias Hein},
      year={2020},
      journal={Neural Information Processing Systems},
}

@article{meinke2020,
    title={Towards neural networks that provably know when they don't know},
    author={Alexander Meinke and Matthias Hein},
    journal={International Conference on Learning Representations},
    year={2020},
}

% literature reviewer wanted to add

@article{raphael2020, 
    title = {Adversarial Attacks on Probabilistic Autoregressive Forecasting Models}, 
    author = {Dang-Nhu, Rapha\"el and Singh, Gagandeep and Bielik, Pavol and Vechev, Martin}, 
    journal = {International Conference on Machine Learning}, 
    year = {2020} 
}

@article{cardelli2019,
  title     = {Statistical Guarantees for the Robustness of Bayesian Neural Networks},
  author    = {Cardelli, Luca and Kwiatkowska, Marta and Laurenti, Luca and Paoletti, Nicola and Patane, Andrea and Wicker, Matthew},
  journal = {Conference on Artificial Intelligence},
  year      = {2019},
}

 @article{wicker2020, 
    title = {Probabilistic Safety for Bayesian Neural Networks}, 
    author = {Wicker, Matthew and Laurenti, Luca and Patane, Andrea and Kwiatkowska, Marta}, 
    year = {2020}, 
    journal = {Uncertainty in Artificial Intelligence},
}

% neurips literature

@article{graph_uncertainty,
  title={Uncertainty Aware Semi-Supervised Learning on Graph Data},
  author={Zhao, Xujiang and Chen, Feng and Hu, Shu and Cho, Jin-Hee},
  journal = {Neural Information Processing Systems},
  year={2020}
}

@article{max_gap_id_ood,
 author={Jay Nandy and Wynne Hsu and Mong{-}Li Lee},
 title={Towards Maximizing the Representation Gap between In-Domain \& Out-of-Distribution Examples},
  journal = {International Conference on Machine Learning, Uncertainty and Robustness in Deep Learning Workshop},
 year={2020},
}

@article{multifaceted_uncertainty,
  author    = {Weishi Shi and Xujiang Zhao and Feng Chen and Qi Yu},
  title     = {Multifaceted Uncertainty Estimation for Label-Efficient Deep Learning},
  journal = {Neural Information Processing Systems},
  year      = {2020}
}

@article{robustness_bnn,
  author    = {Ginevra Carbone and Matthew Wicker and Luca Laurenti and Andrea Patane and Luca Bortolussi and Guido Sanguinetti},
  title     = {Robustness of Bayesian Neural Networks to Gradient-Based Attacks},
  journal = {Neural Information Processing Systems},
  year      = {2020}
}

@article{median_smoothing,
      title={Detection as Regression: Certified Object Detection by Median Smoothing}, 
      author={Ping-yeh Chiang and Michael J. Curry and Ahmed Abdelkader and Aounon Kumar and John Dickerson and Tom Goldstein},
  journal = {Neural Information Processing Systems},
  year      = {2020}
}

@article{uncertainty-generative-classifier,
    author = {Sensoy, Murat and Kaplan, Lance and Cerutti, Federico and Saleki, Maryam},
    year = {2020},
    title = {Uncertainty-Aware Deep Classifiers Using Generative Models},
    journal = {AAAI Conference on Artificial Intelligence}
}


% further literature

@article{wong2017,
	author={Wong, Eric and Kolter, J. Zico}, 
	title={Provable defenses against adversarial examples via the convex outer adversarial polytope},
	year={2018},
	journal={International Conference on Machine Learning },
}

@article{singh2019krelu, 
    title = {Beyond the Single Neuron Convex Barrier for Neural Network Certification}, 
    author = {Singh, G. and Ganvir, R. and P\"uschel, M. and Vechev, M.}, 
    journal = {Neural Information Processing Systems}, 
    year = {2019}, 
}


@article{brendel2018,
      title={Decision-Based Adversarial Attacks: Reliable Attacks Against Black-Box Machine Learning Models}, 
      author={Wieland Brendel and Jonas Rauber and Matthias Bethge},
      year={2018},
      journal={International Conference on Learning Representations},
}


@article{kopetzki2021, 
    title = {Reachable sets of classifiers and regression models: (non-)robustness analysis and robust training}, 
    author = {Anna-Kathrin Kopetzki and Stephan Günnemann}, 
    journal = {Machine Learning Journal}, 
    year = {2021}, 
}



@article{schuchardt2021, 
    title = {Collective Robustness Certificates: Exploiting Interdependence in Graph Neural Networks}, 
    author = {Jan Schuchardt and Aleksandar Bojchevski and Johannes Klicpera and Stephan Günnemann}, 
    journal = {International Conference on Learning Representations}, 
    year = {2021}, 
}

@article{DBLP:conf/kdd/ZugnerAG18,
  author    = {Daniel Z{\"{u}}gner and Amir Akbarnejad and Stephan G{\"{u}}nnemann},
  title     = {Adversarial Attacks on Neural Networks for Graph Data},
  journal = {ACM SIGKDD Conference on Knowledge Discovery and Data Mining},
  year      = {2018},
}

@article{DBLP:conf/icml/BojchevskiKG20,
  author    = {Aleksandar Bojchevski and Johannes Klicpera and Stephan G{\"{u}}nnemann},
  title     = {Efficient Robustness Certificates for Discrete Data: Sparsity-Aware Randomized Smoothing for Graphs, Images and More},
  journal = {International Conference on Machine Learning},
year      = {2020},
}

@article{DBLP:conf/nips/BojchevskiG19,
  author    = {Aleksandar Bojchevski and Stephan G{\"{u}}nnemann},
  title     = {Certifiable Robustness to Graph Perturbations},
  journal = {Neural Information Processing Systems},
  year      = {2019}
}


@article{zuegner2020, 
    title = {Certifiable Robustness of Graph Convolutional Networks under Structure Perturbations}, 
    author = {Daniel Zügner and Stephan Günnemann}, 
    journal = {ACM SIGKDD Conference on Knowledge Discovery and Data Mining}, 
    year = {2020}, 
}

@article{bojchevski2019, 
    title = {Adversarial Attacks on Node Embeddings via Graph Poisoning}, 
    author ={Aleksandar Bojchevski and Stephan Günnemann}, 
    journal = {International Conference on Machine Learning}, 
    year = {2019}, 
}

@article{zheng2016,
  author={Zheng, Stephan and Song, Yang and Leung, Thomas and Goodfellow, Ian},
  journal={Conference on Computer Vision and Pattern Recognition}, 
  title={Improving the Robustness of Deep Neural Networks via Stability Training}, 
  year={2016}}
