%%%%%%%%%%%%%
%%% BOOKS %%%
%%%%%%%%%%%%%
@book{bishop,
	title        = {Pattern Recognition and Machine Learning},
	author       = {Bishop, Christopher M},
	year         = 2006,
	publisher    = {Springer}
}
@book{exponential,
	title        = {Information and Exponential Families: In Statistical Theory},
	author       = {Barndorff-Nielsen, Ole},
	year         = 2014,
	publisher    = {John Wiley \& Sons}
}
@article{interpretable-ml,
	title        = {Interpretable Machine Learning},
	author       = {Molnar, Christoph},
	year         = 2020
}
@book{ml-dataset-shift,
	title        = {Dataset Shift in Machine Learning},
	author       = {Quionero-Candela, Joaquin and Sugiyama, Masashi and Schwaighofer, Anton and Lawrence, Neil D.},
	year         = 2009,
	publisher    = {The MIT Press}
}
@book{exponential-family-stats,
	title        = {Fundamentals of Statistical Exponential Families: With Applications in Statistical Decision Theory},
	author       = {Brown, L. D.},
	year         = 1986,
	publisher    = {Institute of Mathematical Statistics}
}
@book{bayesian-data-analysis,
	title        = {Bayesian Data Analysis},
	author       = {Gelman, Andrew and Carlin, John B. and Stern, Hal S. and Rubin, Donald B.},
	year         = 2004,
	publisher    = {Chapman and Hall/CRC}
}
%%%%%%%%%%%%%%
%%% ONLINE %%%
%%%%%%%%%%%%%%
@techreport{cifar10,
	title        = {Learning Multiple Layers of Features from Tiny Images},
	author       = {Krizhevsky, Alex and Hinton, Geoffrey and others},
	year         = 2009,
	institution  = {University of Toronto}
}
@article{mnist,
	title        = {MNIST Handwritten Digit Database},
	author       = {LeCun, Yann and Cortes, Corinna and Burges, CJ},
	year         = 2010
}
@article{svhn,
	title        = {Reading Digits in Natural Images with Unsupervised Feature Learning},
	author       = {Netzer, Yuval and Wang, Tao and Coates, Adam and Bissacco, Alessandro and Wu, Bo and Ng, Andrew Y},
	year         = 2011,
	journal    = {NeurIPS Workshop on Deep Learning and Unsupervised Feature Learning}
}
@article{kmnist,
	title        = {Deep Learning for Classical Japanese Literature},
	author       = {Clanuwat, Tarin and Bober-Irizar, Mikel and Kitamoto, Asanobu and Lamb, Alex and Yamamoto, Kazuaki and Ha, David},
	year         = 2018,
	journal      = {arXiv preprint arXiv:1812.01718}
}
@article{nyu-depth,
	title        = {Indoor Segmentation and Support Inference from RGBD Images},
	author       = {Nathan Silberman, Derek Hoiem, Pushmeet Kohli and Rob Fergus},
	year         = 2012,
	journal    = {ECCV}
}

@misc{tiny-imagenet,
  title = {Tiny ImageNet},
  author = {Fei-Fei Li, Andrej Karpathy and Justin Johnson},
  howpublished = {\url{https://tiny-imagenet.herokuapp.com/}},
  year = 2017,
  journal = {Stanford CS231N}
}

%%%%%%%%%%%%%%
%%% PAPERS %%%
%%%%%%%%%%%%%%
@article{dunning-kruger,
	title        = {Unskilled and Unaware of It: How Difficulties in Recognizing One's Own Incompetence Lead to Inflated Self-Assessments},
	author       = {Kruger, Justin and Dunning, David},
	year         = 2000,
	journal      = {JPSP}
}
@phdthesis{uncertainty-deep-learning,
	title        = {Uncertainty in Deep Learning},
	author       = {Gal, Yarin},
	year         = 2016,
	school       = {University of Cambridge}
}
@article{being-bayesian-categorical,
	title        = {Being {B}ayesian about Categorical Probability},
	author       = {Joo, Taejong and Chung, Uijung and Seo, Min-Gwan},
	year         = 2020,
	journal    = {ICML}
}
@article{calibration-network,
	title        = {On Calibration of Modern Neural Networks},
	author       = {Chuan Guo and Geoff Pleiss and Yu Sun and Kilian Q. Weinberger},
	year         = 2017,
	journal    = {ICML}
}
@article{lipschitz,
	title        = {Lipschitz Regularity of Deep Neural Networks: Analysis and Efficient Estimation},
	author       = {Virmaux, Aladin and Scaman, Kevin},
	year         = 2018,
	journal    = {NeurIPS}
}
@article{radialflow,
	title        = {Variational Inference with Normalizing Flows},
	author       = {Rezende, Danilo Jimenez and Mohamed, Shakir},
	year         = 2015,
	journal    = {ICML}
}
@article{uceloss,
	title        = {Uncertainty on Asynchronous Time Event Prediction},
	author       = {Bilo\v{s}, Marin and Charpentier, Bertrand and Günnemann, Stephan},
	year         = 2019,
	journal    = {NeurIPS}
}
@article{exponential-entropy,
	title        = {Entropies and Cross-Entropies of Exponential Families},
	author       = {Nielsen, Frank and Nock, Richard},
	year         = 2010,
	journal    = {ICIP}
}
@article{postnet,
	title        = {Posterior Network: Uncertainty Estimation without OOD Samples via Density-Based Pseudo-Counts},
	author       = {Charpentier, Bertrand and Zügner, Daniel and Günnemann, Stephan},
	year         = 2020,
	journal    = {NeurIPS}
}
@article{softplus,
	title        = {Deep Sparse Rectifier Neural Networks},
	author       = {Glorot, Xavier and Bordes, Antoine and Bengio, Yoshua},
	year         = 2011,
	journal    = {AISTATS}
}
@article{unet,
	title        = {U-Net: Convolutional Networks for Biomedical Image Segmentation},
	author       = {Ronneberger, Olaf and Fischer, Philipp and Brox, Thomas},
	year         = 2015,
	journal    = {MICCAI}
}
@article{maf,
	title        = {Masked Autoregressive Flow for Density Estimation},
	author       = {Papamakarios, George and Pavlakou, Theo and Murray, Iain},
	year         = 2017,
	journal    = {NeurIPS}
}
@article{made,
	title        = {MADE: Masked Autoencoder for Distribution Estimation},
	author       = {Germain, Mathieu and Gregor, Karol and Murray, Iain and Larochelle, Hugo},
	year         = 2015,
	journal    = {ICML}
}
@article{priornet,
	title        = {Predictive Uncertainty Estimation via Prior Networks},
	author       = {Malinin, Andrey and Gales, Mark},
	year         = 2018,
	journal    = {NeurIPS}
}
@article{softplus,
	title        = {Deep Sparse Rectifier Neural Networks},
	author       = {Glorot, Xavier and Bordes, Antoine and Bengio, Yoshua},
	year         = 2011,
	journal    = {AISTATS}
}
@article{squad,
	title        = {Know What You Don't Know: Unanswerable Questions for SQuAD},
	author       = {Rajpurkar, Pranav and Jia, Robin and Liang, Percy},
	year         = 2018,
	journal      = {arXiv preprint arXiv:1806.03822}
}
@article{rbfnet,
	title        = {Uncertainty Estimation Using a Single Deep Deterministic Neural Network},
	author       = {van Amersfoort, Joost and Smith, Lewis and Teh, Yee Whye and Gal, Yarin},
	year         = 2020,
	journal    = {ICML}
}
@article{sdenet,
	title        = {SDE-Net: Equipping Deep Neural Networks with Uncertainty Estimates},
	author       = {Kong, Lingkai and Sun, Jimeng and Zhang, Chao},
	year         = 2020,
	journal      = {ICML}
}
@article{hyper-ensembles,
	title        = {Hyperparameter Ensembles for Robustness and Uncertainty Quantification},
	author       = {Wenzel, Florian and Snoek, Jasper and Tran, Dustin and Jenatton, Rodolphe},
	year         = 2020,
	journal      = {NeurIPS}
}
@article{uci,
	title        = {{UCI} Machine Learning Repository},
	author       = {Dua, Dheeru and Graff, Casey},
	year         = 2017,
	institution  = {University of California, Irvine, School of Information and Computer Sciences}
}
@article{dataset-shift,
	title        = {Can You Trust Your Model's Uncertainty? Evaluating Predictive Uncertainty Under Dataset Shift},
	author       = {Ovadia, Yaniv and Fertig, Emily and Ren, Jie and Nado, Zachary and Sculley, David and Nowozin, Sebastian and Dillon, Joshua and Lakshminarayanan, Balaji and Snoek, Jasper},
	year         = 2019,
	journal    = {NeurIPS}
}
@article{fashion-mnist,
	title        = {Fashion-MNIST: a Novel Image Dataset for Benchmarking Machine Learning Algorithms},
	author       = {Xiao, Han and Rasul, Kashif and Vollgraf, Roland},
	year         = 2017,
	journal      = {arXiv preprint arXiv:1708.07747}
}
@article{reverse-kl,
	title        = {Reverse KL-Divergence Training of Prior Networks: Improved Uncertainty and Adversarial Robustness},
	author       = {Malinin, Andrey and Gales, Mark},
	year         = 2019,
	journal    = {NeurIPS}
}
@article{dropout,
	title        = {Dropout as a Bayesian Approximation: Representing Model Uncertainty in Deep Learning},
	author       = {Gal, Yarin and Ghahramani, Zoubin},
	year         = 2016,
	journal    = {ICML}
}
@article{simple-baseline-uncertainty,
	title        = {A Simple Baseline for Bayesian Uncertainty in Deep Learning},
	author       = {Maddox, Wesley J and Izmailov, Pavel and Garipov, Timur and Vetrov, Dmitry P and Wilson, Andrew Gordon},
	year         = 2019,
	journal    = {NeurIPS}
}
@article{expressiveness-bnn,
	title        = {On the Expressiveness of Approximate Inference in Bayesian Neural Networks},
	author       = {Andrew Y. K. Foong and David R. Burt and Yingzhen Li and Richard E. Turner},
	year         = 2020,
	journal    = {NeurIPS}
}
@article{accurate-uncertainties-deep-learning-regression,
	title        = {Accurate Uncertainties for Deep Learning Using Calibrated Regression},
	author       = {Kuleshov, Volodymyr and Fenner, Nathan and Ermon, Stefano},
	year         = 2018,
	journal    = {ICML}
}
@article{uncertainty-distance-awareness,
	title        = {Simple and Principled Uncertainty Estimation with Deterministic Deep Learning via Distance Awareness},
	author       = {Balaji Lakshminarayanan and Dustin Tran and Jeremiah Liu and Shreyas Padhy and Tania Bedrax-Weiss and Zi Lin},
	year         = 2020,
	journal    = {NeurIPS}
}
@article{scalable-laplace-bnn,
	title        = {A Scalable Laplace Approximation for Neural Networks},
	author       = {Hippolyt Ritter and Aleksandar Botev and David Barber},
	year         = 2018,
	journal    = {ICLR}
}
@article{ensembles,
	title        = {Simple and Scalable Predictive Uncertainty Estimation using Deep Ensembles},
	author       = {Lakshminarayanan, Balaji and Pritzel, Alexander and Blundell, Charles},
	year         = 2017,
	journal    = {NeurIPS}
}
@article{batch-ensembles,
	title        = {BatchEnsemble: an Alternative Approach to Efficient Ensemble and Lifelong Learning},
	author       = {Yeming Wen and Dustin Tran and Jimmy Ba},
	year         = 2020,
	journal    = {ICLR}
}
@article{bts,
	title        = {From Big to Small: Multi-Scale Local Planar Guidance for Monocular Depth Estimation},
	author       = {Lee, Jin Han and Han, Myung-Kyu and Ko, Dong Wook and Suh, Il Hong},
	year         = 2019,
	journal      = {arXiv preprint arXiv:1907.10326}
}
@article{evidential-regression,
	title        = {Deep Evidential Regression},
	author       = {Amini, Alexander and Schwarting, Wilko and Soleimany, Ava and Rus, Daniela},
	year         = 2020,
	journal    = {NeurIPS}
}
@article{regression-priornet,
	title        = {Regression Prior Networks},
	author       = {Malinin, Andrey and Chervontsev, Sergey and Provilkov, Ivan and Gales, Mark},
	year         = 2020,
	journal      = {arXiv preprint arXiv:2006.11590}
}
@article{energy-ood,
	title        = {Energy-based Out-of-distribution Detection},
	author       = {Liu, Weitang and Wang, Xiaoyun and Owens, John D and Li, Yixuan},
	year         = 2020,
	journal    = {NeurIPS}
}
@article{ai-safety,
	title        = {Concrete Problems in AI Safety},
	author       = {Amodei, Dario and Olah, Chris and Steinhardt, Jacob and Christiano, Paul and Schulman, John and Man{\'e}, Dan},
	year         = 2016,
	journal      = {arXiv preprint arXiv:1606.06565}
}
@article{deep-learning-cv,
	title        = {Deep Learning for Computer Vision: A Brief Review},
	author       = {Voulodimos, Athanasios and Doulamis, Nikolaos and Doulamis, Anastasios and Protopapadakis, Eftychios},
	year         = 2018,
	journal      = {Computational Intelligence and Neuroscience}
}
@article{deep-learning-nlp,
	title        = {Recent Trends in Deep Learning Based Natural Language Processing},
	author       = {Young, Tom and Hazarika, Devamanyu and Poria, Soujanya and Cambria, Erik},
	year         = 2018,
	journal      = {CIM}
}
@article{deep-learning-bio,
	title        = {Deep Learning in Bioinformatics},
	author       = {Min, Seonwoo and Lee, Byunghan and Yoon, Sungroh},
	year         = 2017,
	journal      = {Briefings in Bioinformatics}
}
@article{deep-learning-health,
	title        = {Deep Learning for Health Informatics},
	author       = {Rav{\`\i}, Daniele and Wong, Charence and Deligianni, Fani and Berthelot, Melissa and Andreu-Perez, Javier and Lo, Benny and Yang, Guang-Zhong},
	year         = 2016,
	journal      = {J-BHI}
}
@article{deep-learning-recommender,
	title        = {Deep Learning Based Recommender System: A Survey and New Perspectives},
	author       = {Zhang, Shuai and Yao, Lina and Sun, Aixin and Tay, Yi},
	year         = 2019,
	journal      = {ACM CSUR},
	publisher    = {ACM New York, NY, USA}
}
@article{deep-learning-medical,
	title        = {A Survey on Deep Learning in Medical Image Analysis},
	author       = {Litjens, Geert and Kooi, Thijs and Bejnordi, Babak Ehteshami and Setio, Arnaud Arindra Adiyoso and Ciompi, Francesco and Ghafoorian, Mohsen and Van Der Laak, Jeroen Awm and Van Ginneken, Bram and S{\'a}nchez, Clara I},
	year         = 2017,
	journal      = {Medical Image Analysis}
}
@article{deep-learning-ad,
	title        = {Object Recognition and Detection with Deep Learning for Autonomous Driving Applications},
	author       = {U{\c{c}}ar, Ay{\c{s}}eg{\"u}l and Demir, Yakup and G{\"u}zeli{\c{s}}, C{\"u}neyt},
	year         = 2017,
	journal      = {Simulation}
}
@article{deep-learning-robotics,
	title        = {The Limits and Potentials of Deep Learning for Robotics},
	author       = {S{\"u}nderhauf, Niko and Brock, Oliver and Scheirer, Walter and Hadsell, Raia and Fox, Dieter and Leitner, J{\"u}rgen and Upcroft, Ben and Abbeel, Pieter and Burgard, Wolfram and Milford, Michael and others},
	year         = 2018,
	journal      = {IJRR}
}
@article{deep-learning-finance,
	title        = {Deep Learning in Finance},
	author       = {Heaton, JB and Polson, Nicholas G and Witte, Jan Hendrik},
	year         = 2016,
	journal      = {arXiv preprint arXiv:1602.06561}
}
@article{bayesian-networks,
	title        = {Weight Uncertainty in Neural Networks},
	author       = {Blundell, Charles and Cornebise, Julien and Kavukcuoglu, Koray and Wierstra, Daan},
	year         = 2015,
	journal    = {ICML}
}
@article{distribution-distillation,
	title        = {Ensemble Distribution Distillation},
	author       = {Malinin, Andrey and Mlodozeniec, Bruno and Gales, Mark},
	year         = 2020,
	journal      = {ICLR}
}
@article{graph_uncertainty,
	title        = {Uncertainty Aware Semi-Supervised Learning on Graph Data},
	author       = {Zhao, Xujiang and Chen, Feng and Hu, Shu and Cho, Jin-Hee},
	year         = 2020,
	journal    = {NeurIPS}
}
@inproceedings{graph_posterior,
    title={Graph Posterior Network: Bayesian Predictive Uncertainty for Node Classification},
    author={Maximilian Stadler and Bertrand Charpentier and Simon Geisler and Daniel Z{\"u}gner and Stephan G{\"u}nnemann},
    booktitle={NeurIPS},
    year={2021}
}
@article{survey_evidential_uncertainty,
  author    = {Dennis Ulmer},
  title     = {A Survey on Evidential Deep Learning For Single-Pass Uncertainty Estimation},
  journal   = {CoRR},
  year      = {2021},
  eprinttype = {arXiv},
}

@InProceedings{evaluating_dbu,
  title = 	 {Evaluating Robustness of Predictive Uncertainty Estimation: Are Dirichlet-based Models Reliable?},
  author =       {Kopetzki, Anna-Kathrin and Charpentier, Bertrand and Z{\"u}gner, Daniel and Giri, Sandhya and G{\"u}nnemann, Stephan},
  booktitle = 	 {ICML},
  year = 	 {2021},
}
@article{max_gap_id_ood,
	title        = {Towards Maximizing the Representation Gap between In-Domain \& Out-of-Distribution Examples},
	author       = {Jay Nandy and Wynne Hsu and Mong{-}Li Lee},
	year         = 2020,
	journal    = {NeurIPS}
}
@article{ood_ebm,
  author    = {Sven Elflein and
               Bertrand Charpentier and
               Daniel Z{\"{u}}gner and
               Stephan G{\"{u}}nnemann},
  title     = {On Out-of-distribution Detection with Energy-based Models},
  journal   = {CoRR},
  year      = {2021},
  eprinttype = {arXiv},
}
@inproceedings{jem_ebm,
    title={Your classifier is secretly an energy based model and you should treat it like one},
    author={Will Grathwohl and Kuan-Chieh Wang and Joern-Henrik Jacobsen and David Duvenaud and Mohammad Norouzi and Kevin Swersky},
    booktitle={ICLR},
    year={2020},
}
@article{multifaceted_uncertainty,
	title        = {Multifaceted Uncertainty Estimation for Label-Efficient Deep Learning},
	author       = {Weishi Shi and Xujiang Zhao and Feng Chen and Qi Yu},
	year         = 2020,
	journal    = {NeurIPS}
}
@incollection{pytorch,
	title        = {PyTorch: An Imperative Style, High-Performance Deep Learning Library},
	author       = {Paszke, Adam and Gross, Sam and Massa, Francisco and Lerer, Adam and Bradbury, James and Chanan, Gregory and Killeen, Trevor and Lin, Zeming and Gimelshein, Natalia and Antiga, Luca and Desmaison, Alban and Kopf, Andreas and Yang, Edward and DeVito, Zachary and Raison, Martin and Tejani, Alykhan and Chilamkurthy, Sasank and Steiner, Benoit and Fang, Lu and Bai, Junjie and Chintala, Soumith},
	year         = 2019,
	journal    = {NeurIPS}
}
@article{real-nvp,
	title        = {Density Estimation using Real NVP},
	author       = {Dinh, Laurent and Sohl-Dickstein, Jascha and Bengio, Samy},
	year         = 2017,
	journal    = {ICLR}
}
@article{energy,
	title        = {Your Classifier is Secretly an Energy Based Model and You Should Treat It Like One},
	author       = {Grathwohl, Will and Wang, Kuan-Chieh and Jacobsen, J{\"o}rn-Henrik and Duvenaud, David and Norouzi, Mohammad and Swersky, Kevin},
	year         = 2020,
	journal    = {ICLR}
}
@article{nf-review,
	title        = {Normalizing Flows: An Introduction and Review of Current Methods},
	author       = {Kobyzev, Ivan and Prince, Simon and Brubaker, Marcus},
	year         = 2020,
	journal      = {TPAMI}
}
@article{iaf,
	title        = {Improved Variational Inference with Inverse Autoregressive Flow},
	author       = {Kingma, Durk P and Salimans, Tim and Jozefowicz, Rafal and Chen, Xi and Sutskever, Ilya and Welling, Max},
	year         = 2016,
	journal    = {NeurIPS}
}
@article{anomaly-detection,
	title        = {Generative Ensembles for Robust Anomaly Detection},
	author       = {Choi, Hyunsun and Jang, Eric and Alemi, Alexander A},
	year         = 2019,
	journal    = {ICLR}
}
@article{deep-generative,
	title        = {Do Deep Generative Models Know What They Don't Know?},
	author       = {Nalisnick, Eric and Matsukawa, Akihiro and Teh, Yee Whye and Gorur, Dilan and Lakshminarayanan, Balaji},
	year         = 2019,
	journal      = {ICLR}
}
@article{bike-sharing,
	title        = {Event labeling combining ensemble detectors and background knowledge},
	author       = {Fanaee-T, Hadi and Gama, João},
	year         = 2014,
	journal      = {Progress in Artificial Intelligence}
}
@article{getting-clue-uncertainty,
	title        = {Getting a CLUE: A Method for Explaining Uncertainty Estimates},
	author       = {Javier Antorán and Umang Bhatt and Tameem Adel and Adrian Weller and José Miguel Hernández-Lobato},
	year         = 2021,
	journal    = {ICLR}
}
@article{provable-uncertainty,
	title        = {Towards Neural Networks that Provably Know When They Don't Know},
	author       = {Alexander Meinke and Matthias Hein},
	year         = 2020,
	journal    = {ICLR}
}
@article{why-nf-fail-ood,
	title        = {Why Normalizing Flows Fail to Detect Out-of-Distribution Data},
	author       = {Polina Kirichenko and Pavel Izmailov and Andrew Gordon Wilson},
	year         = 2020,
	journal    = {NeurIPS}
}
@article{typicality_OOD_generative,
	title        = {Detecting Out-of-Distribution Inputs to Deep Generative Models Using Typicality},
	author       = {Eric Nalisnick and Akihiro Matsukawa and Yee Whye Teh and Balaji Lakshminarayanan},
	year         = 2020,
	journal      = {arXiv preprint arXiv:1906.02994}
}
@article{perfect-density-no-ood-guarantee,
	title        = {Perfect density models cannot guarantee anomaly detection},
	author       = {Charline Le Lan and Laurent Dinh},
	year         = 2020,
	journal      = {arXiv preprint arXiv:2012.03808}
}
@article{density-states-ood,
	title        = {Density of States Estimation for Out-of-Distribution Detection},
	author       = {Morningstar, Warren R. and Ham, Cusuh and Gallagher, Andrew G. and Lakshminarayanan, Balaji and Alemi, Alexander A. and Dillon, Joshua V.},
	year         = 2020,
	journal      = {arXiv preprint arXiv:2006.09273}
}
@article{contrastive-ood,
	title        = {Contrastive Training for Improved Out-of-Distribution Detection},
	author       = {Winkens, Jim and Bunel, Rudy and Guha Roy, Abhijit and Stanforth, Robert and Natarajan, Vivek and Ledsam, Joseph R. and MacWilliams, Patricia and Kohli, Pushmeet and Karthikesalingam, Alan and Kohl, Simon and Cemgil, Taylan and Eslami, S.~M. Ali and Ronneberger, Olaf},
	year         = 2020,
	journal      = {arXiv preprint arXiv:2007.05566}
}
@article{update-belief-propagation,
	title        = {A general framework for updating belief distributions},
	author       = {Bissiri, P. G. and Holmes, C. C. and Walker, S. G.},
	year         = 2016,
	journal      = {Journal of the Royal Statistical Society: Series B (Statistical Methodology)}
}
@article{PAC-bayesian_estimator,
	title        = {A PAC Analysis of a Bayesian Estimator},
	author       = {Shawe-Taylor, John and Williamson, Robert C.},
	year         = 1997,
	journal    = {COLT}
}
@article{opt-info-processing_bayes,
	title        = {Optimal Information Processing and Bayes's Theorem},
	author       = {Zellner, Arnold},
	year         = 1988,
	journal      = {The American Statistician}
}
@article{conjugate-prior-exponential-family,
	title        = {Conjugate Priors for Exponential Families},
	author       = {Diaconis, Persi. and Ylvisaker, Donald},
	year         = 1979,
	journal      = {The Annals of Statistics}
}
@inbook{maximum-entropy-principle,
	title        = {Prior Probabilities (1968)},
	author       = {Rosenkrantz, Roger},
	year         = 1989,
	journal    = {E. T. Jaynes: Papers on Probability, Statistics and Statistical Physics},
	publisher    = {Springer Netherlands}
}
@article{bayesian-averaging-to-combination,
	title        = {Turning Bayesian model averaging into Bayesian model combination},
	author       = {K. {Monteith} and J. L. {Carroll} and K. {Seppi} and T. {Martinez}},
	year         = 2011,
	journal    = {IJCNN}
}
@article{bayesian-ensemble-learning,
	title        = {Bayesian Ensemble Learning},
	author       = {Chipman, Hugh and George, Edward and Mcculloch, Robert},
	year         = 2007,
	journal    = {NeurIPS},
}
@article{bayesian-classifier-combination,
	title        = {Bayesian Classifier Combination},
	author       = {Hyun-Chul Kim and Zoubin Ghahramani},
	year         = 2012,
	journal    = {AISTATS}
}
@article{dynamic-bayesian-combination-classifiers,
	title        = {Dynamic Bayesian Combination of Multiple Imperfect Classifiers},
	author       = {Edwin Simpson and Stephen Roberts and Ioannis Psorakis and Arfon Smith},
	year         = 2012,
	journal = {arXiv preprint arXiv:1206.1831}
}
@phdthesis{loggamma,
	title        = {Methoden zur Berechnung der Gammafunktion für Komplexes Argument},
	author       = {Rocktäschel, Otto Rudolf},
	year         = 1922,
	school       = {Dresden University of Technology}
}
@book{digamma,
	title        = {A Course of Modern Analysis},
	author       = {Whittaker, Edmund and Watson, George},
	year         = 1927,
	publisher    = {Cambridge University Press}
}
@article{tsne,
	title        = {GPU accelerated t-distributed stochastic neighbor embedding},
	author       = {Chan, David M and Rao, Roshan and Huang, Forrest and Canny, John F},
	year         = 2019,
	journal      = {JDPC}
}
@article{practical-bnn,
	title        = {Practical Variational Inference for Neural Networks},
	author       = {Graves, Alex},
	year         = 2011,
	journal    = {NeurIPS}
}
@article{conv-net,
	title        = {Convolutional neural networks: an overview and application in radiology},
	author       = {Yamashita, Rikiya and Nishio, Mizuho and Do, Richard and Togashi, Kaori},
	year         = 2018,
	journal      = {Insights into Imaging}
}
@article{dense-depth,
	title        = {Depth Map Prediction from a Single Image using a Multi-Scale Deep Network},
	author       = {Eigen, David and Puhrsch, Christian and Fergus, Rob},
	year         = 2014,
	journal    = {NeurIPS}
}
@article{amortized-variational-inference,
	title        = {Advances in Variational Inference},
	author       = {Cheng Zhang and Judith B{\"{u}}tepage and Hedvig Kjellstr{\"{o}}m and Stephan Mandt},
	year         = 2018,
	journal      = {TPAMI}
}
@article{celeba,
	title        = {Deep Learning Face Attributes in the Wild.},
	author       = {Liu, Ziwei and Luo, Ping and Wang, Xiaogang and Tang, Xiaoou},
	year         = 2015,
	journal    = {ICCV}
}
@article{kitti,
	title        = {Vision meets Robotics: The KITTI Dataset},
	author       = {Andreas Geiger and Philip Lenz and Christoph Stiller and Raquel Urtasun},
	year         = 2013,
	journal      = {IJRR}
}
@article{benchmarking-corruptions,
	title        = {Benchmarking Neural Network Robustness to Common Corruptions and Perturbations},
	author       = {Dan Hendrycks and Thomas Dietterich},
	year         = 2019,
	journal    = {ICLR}
}
@article{probabilistic-backprop-scalable-bnn,
	title        = {Probabilistic Backpropagation for Scalable Learning of Bayesian Neural Networks},
	author       = {Jose Miguel Hernandez-Lobato and Ryan Adams},
	year         = 2015,
	journal    = {ICML}
}
@article{uncertainty-generative-classifier,
	title        = {Uncertainty-Aware Deep Classifiers Using Generative Models},
	author       = {Sensoy, Murat and Kaplan, Lance and Cerutti, Federico and Saleki, Maryam},
	year         = 2020,
	journal      = {AAAI}
}
@article{lsun,
	title        = {LSUN: Construction of a Large-scale Image Dataset using Deep Learning with Humans in the Loop},
	author       = {Yu, Fisher and Zhang, Yinda and Song, Shuran and Seff, Ari and Xiao, Jianxiong},
	year         = 2015,
	journal      = {arXiv preprint arXiv:1506.03365}
}
@article{practical-bayesian,
	title        = {Practical Deep Learning with Bayesian Principles},
	author       = {Osawa, Kazuki and Swaroop, Siddharth and Jain, Anirudh and Eschenhagen, Runa and Turner, Richard E. and Yokota, Rio and Khan, Mohammad Emtiyaz},
	year         = 2019,
	journal      = {arXiv preprint arXiv:1906.02506}
}
@article{liberty-depth-bnn,
	title        = {Liberty or Depth: Deep Bayesian Neural Nets Do Not Need Complex Weight Posterior Approximations},
	author       = {Farquhar, Sebastian and Smith, Lewis and Gal, Yarin},
	year         = 2020,
	journal    = {NeurIPS}
}
@article{rank-1-bnn,
	title        = {Efficient and Scalable Bayesian Neural Nets with Rank-1 Factors},
	author       = {Michael W. Dusenberry and Ghassen Jerfel and Yeming Wen and Yi-An Ma and Jasper Snoek and Katherine Heller and Balaji Lakshminarayanan and Dustin Tran},
	year         = 2020,
	journal    = {ICML}
}
@article{overconfident-relu,
	title        = {Why relu networks yield high-confidence predictions far away from the training data and how to mitigate the problem},
	author       = {Hein, Matthias and Andriushchenko, Maksym and Bitterwolf, Julian},
	year         = 2019,
	journal    = {CVPR}
}
@article{understanding-nn-relu,
	title        = {Understanding Deep Neural Networks with Rectified Linear Units},
	author       = {Raman Arora and Amitabh Basu and Poorya Mianjy and Anirbit Mukherjee},
	year         = 2018,
	journal    = {ICLR}
}
@article{integrable-infinity,
	title        = {A note on the behavior of integrable functions at infinity},
	author       = {Constantin P. Niculescu and Florin Popovici},
	year         = 2011,
	journal      = {Journal of Mathematical Analysis and Applications}
}
@article{limit-existence-infinity,
	title        = {Existence of the limit at infinity for a function that is integrable on the half line},
	author       = {Dix, James},
	year         = 2013,
	journal      = {Ros-Hulman Undergraduate Mathematics Journal}
}
@article{scoring-rules,
	title        = {Strictly Proper Scoring Rules, Prediction, and Estimation},
	author       = {Tilmann Gneiting and Adrian E Raftery},
	year         = 2007,
	journal      = {Journal of the American Statistical Association},
	publisher    = {Taylor & Francis}
}
@article{comparison-bayesian-diabetic,
	title        = {A Systematic Comparison of Bayesian Deep Learning Robustness in Diabetic Retinopathy Tasks},
	author       = {Angelos Filos and Sebastian Farquhar and Aidan N. Gomez and Tim G. J. Rudner and Zachary Kenton and Lewis Smith and Milad Alizadeh and Arnoud de Kroon and Yarin Gal},
	year         = 2019,
	journal = {arXiv preprint arXiv:1912.10481}
}
@article{shifts-dataset,
	title        = {Shifts: A Dataset of Real Distributional Shift Across Multiple Large-Scale Tasks},
	author       = {Andrey Malinin and Neil Band and Ganshin and Alexander and German Chesnokov and Yarin Gal and Mark J. F. Gales and Alexey Noskov and Andrey Ploskonosov and Liudmila Prokhorenkova and Ivan Provilkov and Vatsal Raina and Vyas Raina and Roginskiy and Denis and Mariya Shmatova and Panos Tigas and Boris Yangel},
	year         = 2021,
	journal = {arXiv preprint arXiv:2107.07455}
}
@article{uncertainty-survey,
	title        = {A Survey of Uncertainty in Deep Neural Networks},
	author       = {Jakob Gawlikowski and Cedrique Rovile Njieutcheu Tassi and Mohsin Ali and Jongseok Lee and Matthias Humt and Jianxiang Feng and Anna Kruspe and Rudolph Triebel and Peter Jung and Ribana Roscher and Muhammad Shahzad and Wen Yang and Richard Bamler and Xiao Xiang Zhu},
	year         = 2021,
	journal = {arXiv preprint arXiv: 2107.03342}
}
@article{what-bnn-posterior,
	title        = {What Are Bayesian Neural Network Posteriors Really Like?},
	author       = {Izmailov, Pavel and Vikram, Sharad and Hoffman, Matthew D and Wilson, Andrew Gordon},
	year         = 2021,
	journal    = {ICML}
}
@article{lightweight-prob-net,
	title        = {Lightweight Probabilistic Deep Networks},
	author       = {Jochen Gast and Stefan Roth},
	year         = 2018,
	journal    = {CVPR}
}
@article{due,
	title        = {On Feature Collapse and Deep Kernel Learning for Single Forward Pass Uncertainty},
	author       = {Joost van Amersfoort and Lewis Smith and Andrew Jesson and Oscar Key and Yarin Gal},
	year         = 2021,
	journal = {arXiv preprint arXiv:2102.11409}
}
@article{duq,
	title        = {Uncertainty Estimation Using a Single Deep Deterministic Neural Network},
	author       = {van Amersfoort, Joost and Smith, Lewis and Teh, Yee Whye and Gal, Yarin},
	year         = 2020,
	journal    = {ICML}
}
@article{benchmarking-neural-linear-model,
	title        = {Benchmarking the Neural Linear Model for Regression},
	author       = {Sebastian W. Ober and Carl Edward Rasmussen},
	year         = 2019,
	journal = {arXiv preprint arXiv:1912.08416}
}
@article{natural-parameter-network,
	title        = {Natural-Parameter Networks: A Class of Probabilistic Neural Networks},
	author       = {Wang, Hao and SHI, Xingjian and Yeung, Dit-Yan},
	year         = 2016,
	journal    = {NeurIPS},
}
@article{sampling-free-variance-propagation,
	title        = {Sampling-free Epistemic Uncertainty Estimation Using Approximated Variance Propagation},
	author       = {Janis Postels and Francesco Ferroni and Huseyin Coskun and Nassir Navab and Federico Tombari},
	year         = 2019,
	journal = {arXiv preprint arXiv:1908.00598}
}
@article{deep-exponential-families,
	title        = {Deep Exponential Families},
	author       = {Ranganath, Rajesh and Tang, Linpeng and Charlin, Laurent and Blei, David},
	year         = 2015,
	journal    = {AISTATS}
}
@article{feed-forward-propagation,
	title        = {Feed-forward Propagation in Probabilistic Neural Networks with Categorical and Max Layers},
	author       = {Alexander Shekhovtsov and Boris Flach},
	year         = 2019,
	journal    = {ICLR}
}
@article{confidence-aware-learning,
	title        = {Confidence-Aware Learning for Deep Neural Networks},
	author       = {Moon, Jooyoung and Kim, Jihyo and Shin, Younghak and Hwang, Sangheum},
	year         = 2020,
	journal    = {ICML}
}
@article{mix-n-match,
	title        = {Mix-n-Match : Ensemble and Compositional Methods for Uncertainty Calibration in Deep Learning},
	author       = {Jize Zhang and Bhavya Kailkhura and T. Yong-Jin Han},
	year         = 2020,
	journal    = {ICML}
}
@article{intra-order-preserving,
	title        = {Intra Order-preserving Functions for Calibration of Multi-Class Neural Networks},
	author       = {Rahimi, Amir and Shaban, Amirreza and Cheng, Ching-An and Hartley, Richard and Boots, Byron},
	year         = 2020,
	journal    = {Advances in Neural Information Processing Systems}
}
@article{distribution-calibration-regression,
	title        = {Distribution Calibration for Regression},
	author       = {Hao Song and Tom Diethe and Meelis Kull and Peter Flach},
	year         = 2019,
	journal = {arXiv preprint arXiv:1905.06023}
}
@article{individual-calibration,
	title        = {Individual Calibration with Randomized Forecasting},
	author       = {Zhao, Shengjia and Ma, Tengyu and Ermon, Stefano},
	year         = 2020,
	journal    = {ICML}
}
@article{uncertainty-bayesian-computer-vision,
	title        = {What Uncertainties Do We Need in Bayesian Deep Learning for Computer Vision?},
	author       = {Kendall, Alex and Gal, Yarin},
	year         = 2017,
	journal    = {NeurIPS},
}

@article{rich-feature-hierarchies,
author = {Girshick, Ross and Donahue, Jeff and Darrell, Trevor and Malik, Jitendra},
title = {Rich Feature Hierarchies for Accurate Object Detection and Semantic Segmentation},
journal = {CVPR},
year = {2014}
}

@inproceedings{fine-tuning-continuous,
  title={Fine-Tuning Deep Neural Networks in Continuous Learning Scenarios},
  author={Christoph K{\"a}ding and Erik Rodner and Alexander Freytag and Joachim Denzler},
  booktitle={ACCV Workshops},
  year={2016}
}

@article{warm-start,
 author = {Ash, Jordan and Adams, Ryan P},
 journal = {NeurIPS},
 title = {On Warm-Starting Neural Network Training},
 year = {2020}
}
