% DATASETS ---------------------
@article{lecun1998mnist,
  author    = {Yann LeCun and
               L{\'{e}}on Bottou and
               Yoshua Bengio and
               Patrick Haffner},
  title     = {Gradient-based learning applied to document recognition},
  journal   = {Proc. {IEEE}},
  year      = {1998}
}

@article{krizhevsky09cifar,
    author = {Alex Krizhevsky},
    title = {Learning multiple layers of features from tiny images},
    journal   = {arXiv},
    year = {2009}
}

@article{arjovsky2019cmnist,
  author    = {Mart{\'{\i}}n Arjovsky and
               L{\'{e}}on Bottou and
               Ishaan Gulrajani and
               David Lopez{-}Paz},
  title     = {Invariant Risk Minimization},
  journal   = {arXiv},
  year = {2019}
}

@inproceedings{hendrycks2019corrupted,
  author    = {Dan Hendrycks and
               Thomas G. Dietterich},
  title     = {Benchmarking Neural Network Robustness to Common Corruptions and Perturbations},
  booktitle = {ICLR},
  year      = {2019}
}

@inproceedings{koh2021wilds,
  author    = {Pang Wei Koh and
               Shiori Sagawa and
               Henrik Marklund and
               Sang Michael Xie and
               Marvin Zhang and
               Akshay Balsubramani and
               Weihua Hu and
               Michihiro Yasunaga and
               Richard Lanas Phillips and
               Irena Gao and
               Tony Lee and
               Etienne David and
               Ian Stavness and
               Wei Guo and
               Berton Earnshaw and
               Imran S. Haque and
               Sara M. Beery and
               Jure Leskovec and
               Anshul Kundaje and
               Emma Pierson and
               Sergey Levine and
               Chelsea Finn and
               Percy Liang},
  title     = {{WILDS:} {A} Benchmark of in-the-Wild Distribution Shifts},
  booktitle = {ICML},
  year      = {2021}
}

@article{clanuwat2018kmnist,
  author    = {Tarin Clanuwat and
               Mikel Bober{-}Irizar and
               Asanobu Kitamoto and
               Alex Lamb and
               Kazuaki Yamamoto and
               David Ha},
  title     = {Deep Learning for Classical Japanese Literature},
  journal   = {arXiv},
  year      = {2018}
}

@inproceedings{coates2011stl10,
  author    = {Adam Coates and
               Andrew Y. Ng and
               Honglak Lee},
  editor    = {Geoffrey J. Gordon and
               David B. Dunson and
               Miroslav Dud{\'{\i}}k},
  title     = {An Analysis of Single-Layer Networks in Unsupervised Feature Learning},
  booktitle = {AISTATS},
  year      = {2011}
}

@inproceedings{netzer2011svhn,
  author    = {Yuval Netzer and
                Tao Wang and 
                Adam Coates and
                Alessandro Bissacco and
                Bo Wu and
                Andrew Y. Ng},
  title     = {Reading Digits in Natural Images with Unsupervised Feature Learning},
  booktitle = {NIPS Workshop on Deep Learning and Unsupervised Feature Learning},
  year      = {2011}
}

@inproceedings{liu2015celeba,
  title = {Deep Learning Face Attributes in the Wild},
  author = {Liu, Ziwei and Luo, Ping and Wang, Xiaogang and Tang, Xiaoou},
  booktitle = {ICCV},
  month = {December},
  year = {2015} 
}

% ENCODER ----------------------

@article{he2016resnet,
  author    = {Kaiming He and
               Xiangyu Zhang and
               Shaoqing Ren and
               Jian Sun},
  title     = {Deep Residual Learning for Image Recognition},
  journal   = {SVPR},
  year      = {2016}
}

@inproceedings{tan2021effcientnet,
  author    = {Mingxing Tan and
               Quoc V. Le},
  title     = {EfficientNetV2: Smaller Models and Faster Training},
  booktitle = {ICML},
  year      = {2021}
}

@inproceedings{liu2021swin,
  author    = {Ze Liu and
               Yutong Lin and
               Yue Cao and
               Han Hu and
               Yixuan Wei and
               Zheng Zhang and
               Stephen Lin and
               Baining Guo},
  title     = {Swin Transformer: Hierarchical Vision Transformer using Shifted Windows},
  booktitle = {ICCV},
  year      = {2021}
}

@inproceedings{zagoruyko2016wide,
  author    = {Sergey Zagoruyko and
               Nikos Komodakis},
  title     = {Wide Residual Networks},
  booktitle = {BMVC},
  year      = {2016},
}

% NORMALIZING FLOWS ---------------------------

@inproceedings{rezende2015nf,
  author    = {Danilo Jimenez Rezende and
               Shakir Mohamed},
  title     = {Variational Inference with Normalizing Flows},
  booktitle = {ICML},
  year      = {2015}
}

@inproceedings{durkan2019nsf,
  author    = {Conor Durkan and
               Artur Bekasov and
               Iain Murray and
               George Papamakarios},
  title     = {Neural Spline Flows},
  booktitle = {NeurIPS},
  year      = {2019},
}

@inproceedings{stimper2022resampled-nf,
  title = 	 {Resampling {B}ase {D}istributions of {N}ormalizing {F}lows},
  author =       {Vincent Stimper and Bernhard Sch{\"o}lkopf and Jos{\'e} Miguel Hern{\'a}ndez-Lobato},
  booktitle = 	 {AISTATS},
  year = 	 {2022}
}

% UNCERTAINTY ---------------------------

@article{postels2020reconstruction,
  author    = {Janis Postels and
               Hermann Blum and
               Cesar Cadena and
               Roland Siegwart and
               Luc Van Gool and
               Federico Tombari},
  title     = {Quantifying Aleatoric and Epistemic Uncertainty Using Density Estimation
               in Latent Space},
  journal   = {arXiv},
  year      = {2020}
}

@book{gal2016uncertainty,
  author    = {Yarin Gal},
  title     = {Uncertainty in deep learning},
  publisher = {University of Cambridge},
  year      = {2016}
}

@inproceedings{postels2022practicalitydum,
  author    = {Janis Postels and
               Mattia Seg{\`{u}} and
               Tao Sun and
               Luca Daniel Sieber and
               Luc Van Gool and
               Fisher Yu and
               Federico Tombari},
  title     = {On the Practicality of Deterministic Epistemic Uncertainty},
  booktitle = {ICML},
  year      = {2022}
}

@article{gawlikowski2021survey,
  author    = {Jakob Gawlikowski and
               Cedrique Rovile Njieutcheu Tassi and
               Mohsin Ali and
               Jongseok Lee and
               Matthias Humt and
               Jianxiang Feng and
               Anna M. Kruspe and
               Rudolph Triebel and
               Peter Jung and
               Ribana Roscher and
               Muhammad Shahzad and
               Wen Yang and
               Richard Bamler and
               Xiao Xiang Zhu},
  title     = {A Survey of Uncertainty in Deep Neural Networks},
  journal   = {arXiv},
  year      = {2021}
}

@article{lakshminarayanan2017ensembles,
	title        = {Simple and Scalable Predictive Uncertainty Estimation using Deep Ensembles},
	author       = {Lakshminarayanan, Balaji and Pritzel, Alexander and Blundell, Charles},
	year         = 2017,
	journal    = {NeurIPS}
}

@article{gal2016dropout,
	title        = {Dropout as a Bayesian Approximation: Representing Model Uncertainty in Deep Learning},
	author       = {Gal, Yarin and Ghahramani, Zoubin},
	year         = 2016,
	journal    = {ICML}
}

@article{blundell2015weight,
	title        = {Weight Uncertainty in Neural Networks},
	author       = {Blundell, Charles and Cornebise, Julien and Kavukcuoglu, Koray and Wierstra, Daan},
	year         = 2015,
	journal    = {ICML}
}

@inproceedings{charpentier2022natpn,
  author    = {Bertrand Charpentier and
               Oliver Borchert and
               Daniel Z{\"{u}}gner and
               Simon Geisler and
               Stephan G{\"{u}}nnemann},
  title     = {Natural Posterior Network: Deep Bayesian Predictive Uncertainty for
               Exponential Family Distributions},
  booktitle = {ICLR},
  year      = {2022}
}

@inproceedings{charpentier2020pn,
  author    = {Bertrand Charpentier and
               Daniel Z{\"{u}}gner and
               Stephan G{\"{u}}nnemann},
  title     = {Posterior Network: Uncertainty Estimation without {OOD} Samples via
               Density-Based Pseudo-Counts},
  booktitle = {NeurIPS},
  year      = {2020}
}

@article{van2021due,
  title={On Feature Collapse and Deep Kernel Learning for Single Forward Pass Uncertainty},
  author={van Amersfoort, Joost and Smith, Lewis and Jesson, Andrew and Key, Oscar and Gal, Yarin},
  journal={arXiv preprint arXiv:2102.11409},
  year={2021}
}

@inproceedings{liu2020sngp,
  author    = {Jeremiah Z. Liu and
               Zi Lin and
               Shreyas Padhy and
               Dustin Tran and
               Tania Bedrax{-}Weiss and
               Balaji Lakshminarayanan},
  title     = {Simple and Principled Uncertainty Estimation with Deterministic Deep
               Learning via Distance Awareness},
  booktitle = {NeurIPS},
  year      = {2020}
}

@article{kirichenko2022reset,
  author    = {Polina Kirichenko and
               Pavel Izmailov and
               Andrew Gordon Wilson},
  title     = {Last Layer Re-Training is Sufficient for Robustness to Spurious Correlations},
  journal   = {arXiv},
  year      = {2022}
}

% PRIOR ---------------------

@inproceedings{noci2021prior_cpe,
  author    = {Lorenzo Noci and
               Kevin Roth and
               Gregor Bachmann and
               Sebastian Nowozin and
               Thomas Hofmann},
  title     = {Disentangling the Roles of Curation, Data-Augmentation and the Prior
               in the Cold Posterior Effect},
  booktitle = {NeurIPS},
  year      = {2021}
}

@inproceedings{fortuin2022prior,
  author    = {Vincent Fortuin and
               Adri{\`{a}} Garriga{-}Alonso and
               Sebastian W. Ober and
               Florian Wenzel and
               Gunnar R{\"{a}}tsch and
               Richard E. Turner and
               Mark van der Wilk and
               Laurence Aitchison},
  title     = {Bayesian Neural Network Priors Revisited},
  booktitle = {ICLR},
  year      = {2022}
}

@article{kapoor2022prior_cpe,
  author    = {Sanyam Kapoor and
               Wesley J. Maddox and
               Pavel Izmailov and
               Andrew Gordon Wilson},
  title     = {On Uncertainty, Tempering, and Data Augmentation in Bayesian Classification},
  journal   = {arXiv},
  year      = {2022}
}

@inproceedings{wenzel2020prior_cpe,
  author    = {Florian Wenzel and
               Kevin Roth and
               Bastiaan S. Veeling and
               Jakub Swiatkowski and
               Linh Tran and
               Stephan Mandt and
               Jasper Snoek and
               Tim Salimans and
               Rodolphe Jenatton and
               Sebastian Nowozin},
  title     = {How Good is the Bayes Posterior in Deep Neural Networks Really?},
  booktitle = {ICML},
  year      = {2020}
}

@inproceedings{kirichenko2020why,
 author = {Kirichenko, Polina and Izmailov, Pavel and Wilson, Andrew G},
 booktitle = {NeurIPS},
 title = {Why Normalizing Flows Fail to Detect Out-of-Distribution Data},
 year = {2020}
}

@inproceedings{minderer2021calibration,
 author = {Minderer, Matthias and Djolonga, Josip and Romijnders, Rob and Hubis, Frances and Zhai, Xiaohua and Houlsby, Neil and Tran, Dustin and Lucic, Mario},
 booktitle = {NeurIPS},
 title = {Revisiting the Calibration of Modern Neural Networks},
 year = {2021}
}

@inproceedings{loshchilov2019adamw,
  author    = {Ilya Loshchilov and
               Frank Hutter},
  title     = {Decoupled Weight Decay Regularization},
  booktitle = {ICLR},
  year      = {2019}
}

@inproceedings{ioffe2015bn,
  author    = {Sergey Ioffe and
               Christian Szegedy},
  title     = {Batch Normalization: Accelerating Deep Network Training by Reducing
               Internal Covariate Shift},
  booktitle = {ICML},
  year      = {2015}
}

@inproceedings{loshchilov2017cosinescheduler,
  author    = {Ilya Loshchilov and
               Frank Hutter},
  title     = {{SGDR:} Stochastic Gradient Descent with Warm Restarts},
  booktitle = {ICLR},
  year      = {2017}
}

@book{rasmussen2006gp,
  author    = {Carl Edward Rasmussen and Christopher K. I. Williams},
  title     = {Gaussian Processes for Machine Learning},
  publisher = {The MIT Press},
  year      = {2006}
}

@inproceedings{miyato2018sn,
  author = {Takeru Miyato, Toshiki Kataoka, Masanori Koyama, and Yuichi Yoshida},
  title = {Spectral normalization for generative adversarial networks}, 
  booktitle = {ICLR},
  year = {2018}
}

@inproceedings{van2020uncertainty,
  title={Uncertainty Estimation Using a Single Deep Deterministic Neural Network},
  author={van Amersfoort, Joost and Smith, Lewis and Teh, Yee Whye and Gal, Yarin},
  booktitle={ICML},
  year={2020}
}

@article{postels2020mir,
  author    = {Janis Postels and
               Hermann Blum and
               Cesar Cadena and
               Roland Siegwart and
               Luc Van Gool and
               Federico Tombari},
  title     = {Quantifying Aleatoric and Epistemic Uncertainty Using Density Estimation
               in Latent Space},
  journal   = {arXiv},
  year      = {2020},
}

@article{mukhoti2021ddu,
  author    = {Jishnu Mukhoti and
               Andreas Kirsch and
               Joost van Amersfoort and
               Philip H. S. Torr and
               Yarin Gal},
  title     = {Deterministic Neural Networks with Appropriate Inductive Biases Capture
               Epistemic and Aleatoric Uncertainty},
  journal   = {arXiv},
  year      = {2021}
}

@inproceedings{stadler2021graph,
title={Graph Posterior Network: Bayesian Predictive Uncertainty for Node Classification},
author={Maximilian Stadler and Bertrand Charpentier and Simon Geisler and Daniel Z{\"u}gner and Stephan G{\"u}nnemann},
booktitle={NeurIPS},
year={2021}
}

@inproceedings{malinin2018prior,
 author = {Malinin, Andrey and Gales, Mark},
 booktitle = {Advances in Neural Information Processing Systems},
 publisher = {Curran Associates, Inc.},
 title = {Predictive Uncertainty Estimation via Prior Networks},
 year = {2018}
}

@inproceedings{bilos2019uncertainty,
title = {Uncertainty on Asynchronous Time Event Prediction},
author = {Bilo\v{s}, Marin and Charpentier, Bertrand and G\"{u}nnemann, Stephan},
booktitle = {NeurIPS},
year = {2019},
}

@misc{charpentier2022rl,
  author = {Charpentier, Bertrand and Senanayake, Ransalu and Kochenderfer, Mykel and Günnemann, Stephan},
  title = {Disentangling Epistemic and Aleatoric Uncertainty in Reinforcement Learning},
  publisher = {arXiv},
  year = {2022}
}

@article{wu2020contrastive,
  author    = {Mike Wu and
               Noah D. Goodman},
  title     = {A Simple Framework for Uncertainty in Contrastive Learning},
  journal   = {arXiv},
  year      = {2020}
}

@misc{winkens2020contrastive,
  author = {Winkens, Jim and Bunel, Rudy and Roy, Abhijit Guha and Stanforth, Robert and Natarajan, Vivek and Ledsam, Joseph R. and MacWilliams, Patricia and Kohli, Pushmeet and Karthikesalingam, Alan and Kohl, Simon and Cemgil, Taylan and Eslami, S. M. Ali and Ronneberger, Olaf},
  title = {Contrastive Training for Improved Out-of-Distribution Detection},
  publisher = {arXiv},
  year = {2020}
}

@article{psaros2023survey,
	year = 2023,
	publisher = {Elsevier {BV}
},
	author = {Apostolos F. Psaros and Xuhui Meng and Zongren Zou and Ling Guo and George Em Karniadakis},
	title = {Uncertainty quantification in scientific machine learning: Methods, metrics, and comparisons},
	journal = {Journal of Computational Physics}
}

@article{abdar2021survey,
	year = 2021,
	publisher = {Elsevier {BV}},
	author = {Moloud Abdar and Farhad Pourpanah and Sadiq Hussain and Dana Rezazadegan and Li Liu and Mohammad Ghavamzadeh and Paul Fieguth and Xiaochun Cao and Abbas Khosravi and U. Rajendra Acharya and Vladimir Makarenkov and Saeid Nahavandi},
	title = {A review of uncertainty quantification in deep learning: Techniques, applications and challenges},
	journal = {Information Fusion}
}

@misc{ulmer2021survey,
  author = {Ulmer, Dennis},
  title = {A Survey on Evidential Deep Learning For Single-Pass Uncertainty Estimation},
  publisher = {arXiv},
  year = {2021}
}

@misc{yang2021ooddet,
  author = {Yang, Jingkang and Zhou, Kaiyang and Li, Yixuan and Liu, Ziwei},
  title = {Generalized Out-of-Distribution Detection: A Survey},
  publisher = {arXiv},
  year = {2021}
}

@misc{shen2021oodgen,
  author = {Shen, Zheyan and Liu, Jiashuo and He, Yue and Zhang, Xingxuan and Xu, Renzhe and Yu, Han and Cui, Peng},
  title = {Towards Out-Of-Distribution Generalization: A Survey},
  publisher = {arXiv},  
  year = {2021}
}

@inproceedings{ovadia2019shift,
 author = {Ovadia, Yaniv and Fertig, Emily and Ren, Jie and Nado, Zachary and Sculley, D. and Nowozin, Sebastian and Dillon, Joshua and Lakshminarayanan, Balaji and Snoek, Jasper},
 booktitle = {NeurIPS},
 title = {Can you trust your model\textquotesingle s uncertainty? Evaluating predictive uncertainty under dataset shift},
 year = {2019}
}

@article{gneiting2007proper,
author = {Gneiting, Tilmann and Raftery, Adrian},
year = {2007},
month = {03},
pages = {359-378},
title = {Strictly Proper Scoring Rules, Prediction, and Estimation},
volume = {102},
journal = {Journal of the American Statistical Association},
doi = {10.1198/016214506000001437}
}