% Multimodal
@TECHREPORT{MixtureDensity,
    author = {Christopher M. Bishop},
    title = {Mixture density networks},
    institution = {},
    year = {1994}
}

% Asynchronous time

@article{hawkes1971spectra,
  title={Spectra of some self-exciting and mutually exciting point processes},
  author={Hawkes, Alan G},
  journal={Biometrika},
  volume={58},
  number={1},
  pages={83--90},
  year={1971},
  publisher={Oxford University Press}
}

@article{SelfCorrecting,
  title={A self-correcting point process},
  author={Isham, Valerie and Westcott, Mark},
  journal={Stochastic Processes and Their Applications},
  volume={8},
  number={3},
  pages={335--347},
  year={1979},
  publisher={Elsevier}
}

@inproceedings{RMTPP,
  title={Recurrent marked temporal point processes: Embedding event history to vector},
  author={Du, Nan and Dai, Hanjun and Trivedi, Rakshit and Upadhyay, Utkarsh and Gomez-Rodriguez, Manuel and Song, Le},
  booktitle={KDD},
  year={2016}
}

@inproceedings{hawkes,
  title={The neural hawkes process: A neurally self-modulating multivariate point process},
  author={Mei, Hongyuan and Eisner, Jason M},
  booktitle={NIPS},
  year={2017}
}

@article{LSTM,
  title={Long short-term memory},
  author={Hochreiter, Sepp and Schmidhuber, J{\"u}rgen},
  journal={Neural computation},
  volume={9},
  number={8},
  pages={1735--1780},
  year={1997},
  publisher={MIT Press}
}

@inproceedings{TimeDependentRNN,
title={Time-Dependent Representation for Neural Event Sequence Prediction},
booktitle={ICLR Workshop},
author={Yang Li and Nan Du and Samy Bengio},
year={2018},
url={https://openreview.net/forum?id=SJDJNzWAZ},
}

@inproceedings{PhasedLstm,
  title={Phased lstm: Accelerating recurrent network training for long or event-based sequences},
  author={Neil, Daniel and Pfeiffer, Michael and Liu, Shih-Chii},
  booktitle={NIPS},
  year={2016}
}

@article{MarkovModel1,
 author = {Begleiter, Ron and El-Yaniv, Ran and Yona, Golan},
 title = {On Prediction Using Variable Order Markov Models},
 journal = {J. Artif. Int. Res.},
 issue_date = {July 2004},
 volume = {22},
 number = {1},
 year = {2004},
 issn = {1076-9757},
 pages = {385--421},
 numpages = {37},
 url = {http://dl.acm.org/citation.cfm?id=1622487.1622499},
 acmid = {1622499},
 publisher = {AI Access Foundation},
 address = {USA},
}

% Uncertainty

@inproceedings{Ensemble,
       author = {{Lakshminarayanan}, Balaji and {Pritzel}, Alexander and
         {Blundell}, Charles},
        title = "{Simple and Scalable Predictive Uncertainty Estimation using Deep Ensembles}",
      booktitle={NIPS},
     keywords = {Statistics - Machine Learning, Computer Science - Machine Learning},
         year = "2015",
       adsurl = {https://ui.adsabs.harvard.edu/abs/2016arXiv161201474L},
      adsnote = {Provided by the SAO/NASA Astrophysics Data System}
}

@inproceedings{PowerCertainty,
author = {Eswaran, Dhivya and Günnemann, Stephan and Faloutsos, Christos},
booktitle={SDM},
year = {2017},
pages = {144-152},
title = {The Power of Certainty: A Dirichlet-Multinomial Model for Belief Propagation},
isbn = {978-1-61197-497-3},
doi = {10.1137/1.9781611974973.17}
}

@article{BayesianRNN,
  title={Bayesian recurrent neural networks},
  author={Fortunato, Meire and Blundell, Charles and Vinyals, Oriol},
  journal={arXiv preprint arXiv:1704.02798},
  year={2017}
}

@inproceedings{PriorNetworks,
       author = {{Malinin}, Andrey and {Gales}, Mark},
        title = "{Predictive Uncertainty Estimation via Prior Networks}",
      booktitle = {NIPS},
     keywords = {Statistics - Machine Learning, Computer Science - Machine Learning},
         year = "2018",
}

@misc{ProbabilityEvolutionRNN,
title={Learning temporal evolution of probability distribution with Recurrent Neural Network},
author={Kyongmin Yeo and Igor Melnyk and Nam Nguyen and Eun Kyung Lee},
year={2018},
url={https://openreview.net/forum?id=BkDB51WR-},
}

@ARTICLE{BayesianRNNForecastingUncertainty,
       author = {{McDermott}, Patrick L. and {Wikle}, Christopher K.},
        title = "{Bayesian Recurrent Neural Network Models for Forecasting and Quantifying Uncertainty in Spatial-Temporal Data}",
      journal = {Entropy 21(2): 184 (2019)},
     keywords = {Statistics - Methodology, Statistics - Machine Learning},
         year = "2019",
}


@inproceedings{WeightUncertainty,
  title = 	 {Weight Uncertainty in Neural Network},
  author = 	 {Charles Blundell and Julien Cornebise and Koray Kavukcuoglu and Daan Wierstra},
  booktitle = {PMLR},
  pages = 	 {1613--1622},
  year = 	 {2015},
  editor = 	 {Francis Bach and David Blei},
  volume = 	 {37},
  pdf = 	 {http://proceedings.mlr.press/v37/blundell15.pdf},
  url = 	 {http://proceedings.mlr.press/v37/blundell15.html},
}


@inproceedings{LaplaceNN,
title={A Scalable Laplace Approximation for Neural Networks},
author={Hippolyt Ritter and Aleksandar Botev and David Barber},
booktitle={ICLR},
year={2018},
url={https://openreview.net/forum?id=Skdvd2xAZ},
}

@misc{NNRBetaDir,
title={Neural Network Regression with Beta, Dirichlet, and Dirichlet-Multinomial Outputs},
author={Peter Sadowski and Pierre Baldi},
year={2019},
url={https://openreview.net/forum?id=BJeRg205Fm},
}

% Function expressiveness

@article{ApproximatingWithGaussians,
  title={Approximating with gaussians},
  author={Calcaterra, Craig and Boldt, Axel},
  journal={arXiv preprint arXiv:0805.3795},
  year={2008}
}

% Gaussian Process

@InProceedings{StateSpaceGP,
  title = 	 {State-Space Inference and Learning with Gaussian Processes},
  author = 	 {Ryan Turner and Marc Deisenroth and Carl Rasmussen},
  booktitle = 	 {AISTATS},
  year = 	 {2010},
  editor = 	 {Yee Whye Teh and Mike Titterington},
  pdf = 	 {http://proceedings.mlr.press/v9/turner10a/turner10a.pdf},
  url = 	 {http://proceedings.mlr.press/v9/turner10a.html},
  abstract = 	 {State-space inference and learning with Gaussian processes (GPs) is an unsolved problem. We propose a new, general methodology for inference and learning in nonlinear state-space models that are described probabilistically by non-parametric GP models. We apply the expectation maximization algorithm to iterate between inference in the latent state-space and learning the parameters of the underlying GP dynamics model.}
}

@incollection{StateSpaceGPIdentification,
title = {Identification of Gaussian Process State Space Models},
author = {Eleftheriadis, Stefanos and Nicholson, Tom and Deisenroth, Marc and Hensman, James},
booktitle = {NIPS},
year = {2017},
url = {http://papers.nips.cc/paper/7115-identification-of-gaussian-process-state-space-models.pdf}
}

@article{NeuralProcess,
  author    = {Marta Garnelo and
               Jonathan Schwarz and
               Dan Rosenbaum and
               Fabio Viola and
               Danilo J. Rezende and
               S. M. Ali Eslami and
               Yee Whye Teh},
  title     = {Neural Processes},
  url       = {http://arxiv.org/abs/1807.01622},
  archivePrefix = {arXiv},
  eprint    = {1807.01622},
  timestamp = {Mon, 13 Aug 2018 16:49:14 +0200},
  biburl    = {https://dblp.org/rec/bib/journals/corr/abs-1807-01622},
  bibsource = {dblp computer science bibliography, https://dblp.org}
}

@ARTICLE{NNasGP,
       author = {{Lee}, Jaehoon and {Bahri}, Yasaman and {Novak}, Roman and
         {Schoenholz}, Samuel S. and {Pennington}, Jeffrey and
         {Sohl-Dickstein}, Jascha},
        title = "{Deep Neural Networks as Gaussian Processes}",
      journal = {arXiv e-prints},
     keywords = {Statistics - Machine Learning, Computer Science - Machine Learning},
         year = "2017",
          eid = {arXiv:1711.00165},
archivePrefix = {arXiv},
       eprint = {1711.00165},
 primaryClass = {stat.ML},
       adsurl = {https://ui.adsabs.harvard.edu/\#abs/2017arXiv171100165L},
      adsnote = {Provided by the SAO/NASA Astrophysics Data System}
}

@inproceedings{SparseGP,
  title={Sparse Gaussian processes using pseudo-inputs},
  author={Snelson, Edward and Ghahramani, Zoubin},
  booktitle={NIPS},
  year={2006}
}

@article{HistogramIntersectionKernel,
  title={Color indexing},
  author={Swain, Michael J and Ballard, Dana H},
  journal={International journal of computer vision},
  volume={7},
  number={1},
  year={1991},
  publisher={Springer}
}

@article{WeightedGP,
  title={Weighted Gaussian Process for Estimating Treatment Effect},
  author={Wen, Junfeng and Hassanpour, Negar and Greiner, Russell},
  year={2018}
}

% Dataset

@incollection{SmartHome,
author = {T.L.M. van Kasteren, G. Englebienne and Ben Kröse},
editor = {Liming Chen, Chris Nugent, Jit Biswas, Jesse Hoey},
title = {Activity Recognition in Pervasive Intelligent Environments
of the Atlantis Ambient and Pervasive Intelligence series, Atlantis Press},
chapter = {8},
publisher = {Springer},
year = {2010},
}

@article{GRU,
  title={Empirical evaluation of gated recurrent neural networks on sequence modeling},
  author={Chung, Junyoung and Gulcehre, Caglar and Cho, KyungHyun and Bengio, Yoshua},
  journal={arXiv preprint arXiv:1412.3555},
  year={2014}
}

@inproceedings{GPPP,
  title={Variational inference for Gaussian process modulated Poisson processes},
  author={Lloyd, Chris and Gunter, Tom and Osborne, Michael and Roberts, Stephen},
  booktitle={International Conference on Machine Learning},
  year={2015}
}


@inproceedings{Adam,
  title={Adam: A method for stochastic optimization},
  booktitle={ICLR},
  author={Kingma, Diederik P and Ba, Jimmy},
  year={2014}
}
